2475 3909
203 250 252 297 on
277 247 396 311 naurs
417 248 592 299 oncunsns
610 249 715 300 namo
733 249 855 300 nouas
877 251 992 302 mssa.
1053 241 1116 305 103

62 423 129 465 runr
150 404 229 464 locis
250 402 451 482 compluribus
466 419 603 482 passuum
622 419 710 474 Dm
733 391 827 485 opere
843 414 963 466 arcuato
979 425 1115 486 passuum

62 501 152 549 nco:
184 488 410 567 adquisitionum
429 487 533 548 ductus
555 489 612 549 rivi
639 489 823 550 subterranei
850 489 980 551 eilioiunt
1010 510 1115 572 passus

63 584 218 634 MGOCOV·
380 584 386 592 ⁸

157 656 207 716 11.
250 653 334 729 Quae
362 656 438 715 ratio
466 657 593 716 mouerit
619 655 802 732 Augustum,
831 657 1116 736 providentissimum

63 740 244 818 Principem,
257 737 439 818 perducendi
447 738 619 798 Alsietinam
631 756 745 819 aquam,
755 758 831 820 quae
841 742 1116 820 vocaturAugusta,

65 841 129 883 non
157 823 229 883 satis
252 824 420 902 perspicio,
441 822 550 882 nullius
570 823 701 900 gratiae,
728 825 815 884 immo
837 825 924 885 etiam
945 843 1047 905 parum
1070 845 1115 889 sa·

64 907 201 981 labrom,
220 906 348 985 ideoque
363 923 503 984 nusquam
524 907 554 966 in
575 925 645 966 usus
661 906 764 986 populi
782 907 933 980 fluentem
954 911 1115 990 nisilorte,

65 1009 135 1052 oum
163 1007 239 1069 opus
266 991 454 1052 naumachiae
482 990 711 1068 adgrederetur,
739 1009 777 1052 ne
806 993 874 1071 quid
901 993 1114 1055 salubrioribus

66 1076 154 1154 aquis
168 1074 354 1150 detraheret,
377 1075 452 1135 banc
466 1075 589 1153 proprio
611 1091 707 1154 opere
723 1075 859 1154 perduxit
880 1085 928 1154 et,
951 1078 1028 1158 quod
1045 1096 1114 1139 nau·

66 1159 203 1220 maebiae
220 1167 363 1238 coeperet
383 1176 560 1236 superesse,
579 1159 672 1219 bortis
693 1160 911 1220 subiacentibus
933 1169 963 1220 et
985 1162 1115 1240 priuato·

66 1261 136 1303 rum
161 1241 262 1301 usibus
289 1241 325 1302 ad
347 1243 526 1320 irrigandum
546 1243 705 1303 concessit.
750 1244 834 1304 Solet
854 1253 950 1304 tamen
973 1263 1011 1305 ex
1033 1263 1068 1306 ca
1086 1247 1115 1305 in

68 1325 290 1386 Transtiberina
307 1326 448 1402 regione,
472 1327 608 1405 quotiens
631 1335 737 1404 pontes
758 1327 928 1386 reficiuntur
951 1337 981 1387 et
1007 1345 1024 1387 a
1044 1332 1116 1389 cite·

68 1411 156 1470 riore
174 1410 236 1488 ripa
254 1427 347 1488 aquae
370 1419 503 1484 cessant,
529 1427 569 1469 ex
586 1408 766 1470 necessitate
791 1409 820 1468 in
842 1407 1000 1469 subsidium
1021 1410 1115 1489 publi·

70 1510 175 1554 corum
190 1493 351 1552 salientium
367 1494 440 1554 dari.
487 1492 659 1578 coneipitur
670 1511 708 1552 ex
720 1492 786 1553 laou
800 1491 957 1569 Alsietino,
968 1494 1016 1554 via
1028 1490 1115 1561 Glau-

69 1577 136 1654 dia,
159 1577 281 1637 miliario
301 1591 381 1654 xxv,
402 1577 577 1637 diverticulo
603 1578 776 1636 dextrorsus
796 1594 934 1656 passuum
955 1589 992 1637 VI
1008 1578 1117 1638 milium

68 1676 108 1722 Ι).
126 1664 132 1667 ’
153 1660 265 1720 Ductus
294 1663 357 1720 eius
381 1661 472 1721 efficit
499 1660 709 1738 longitudinem
738 1678 874 1739 passuum
904 1672 981 1720 xxn
1009 1661 1117 1722 milium

71 1758 211 1813 cnxxm
235 1760 328 1822 opere
349 1752 470 1806 arcuato
492 1762 629 1824 passuum
649 1757 809 1820 cchan.

159 1827 210 1888 12.
252 1824 333 1888 ldem
349 1827 500 1905 Augustus
519 1829 549 1887 in
563 1829 796 1908 supplementum
811 1827 954 1906 blarciac,
981 1829 1116 1907 quotiens

71 1913 223 1973 siccitates
239 1921 361 1989 egerent
376 1913 496 1988 auxilio,
509 1912 594 1972 aliam
608 1931 711 1992 aquam
727 1913 859 1974 ciusdem
873 1912 1010 1974 bonitatis
1022 1930 1118 1992 opere

71 1996 266 2057 subterraneo
295 1996 433 2075 perduxit
459 2013 555 2075 usque
577 1997 614 2056 ad
635 1996 761 2058 llareiae
784 1999 893 2074 rivum,
921 2014 997 2077 quae
1019 1997 1055 2058 ab
1076 1999 1118 2057 in·

70 2090 197 2142 ventose
221 2080 386 2159 adpellatur
400 2080 542 2157 Augusta.
587 2079 725 2140 Nascitur
742 2081 818 2141 ultra
840 2082 950 2142 iontem
971 2080 1116 2144 Murciae:

73 2167 156 2226 cuius
177 2164 297 2240 ductus,
321 2163 416 2224 donec
435 2163 563 2224 biarciae
584 2163 725 2238 accedat,
749 2165 840 2224 eilioit
860 2181 965 2244 passus
984 2177 1086 2230 Doce.

160 2248 211 2310 13.
257 2248 328 2308 Post
354 2247 409 2308 bos
432 2246 465 2308 G.
491 2245 617 2323 Caesar,
649 2248 698 2325 qui
721 2245 839 2306 Tiberio
861 2249 1024 2323 successit,
1053 2265 1118 2308 cum

72 2351 177 2412 parum
195 2350 212 2391 e
226 2331 352 2411 publicis
368 2331 469 2392 usibus
485 2340 516 2391 et
530 2332 651 2410 privatis
663 2326 861 2408 voluptatibus
882 2337 997 2408 septem
1015 2330 1119 2391 ductus

71 2435 214 2496 aquarum
242 2416 381 2477 sulficere
406 2416 593 2493 viderentur,
625 2416 719 2476 altero
749 2415 861 2493 imperii
891 2415 936 2474 sui
963 2430 1055 2491 anno,
1078 2413 1118 2473 bl.

71 2501 194 2580 Aquilio
216 2500 345 2577 luliano,
373 2501 404 2561 P.
431 2499 518 2560 Nono
540 2500 707 2580 Asprenate
731 2499 918 2575 oonsulibus,
941 2515 1016 2558 anno
1038 2497 1119 2558 urbis

72 2586 211 2648 conditae
223 2598 445 2662 necamus,
461 2585 536 2646 duos
551 2584 656 2645 ductus
668 2585 832 2646 inchoavit:
850 2583 929 2663 quod
945 2600 1020 2663 opus
1033 2582 1119 2644 Clau·

72 2671 139 2730 dius
167 2669 452 2747 magnificentissime
486 2671 696 2730 consummavit
726 2669 948 2746 dedicavitque,
979 2669 1060 2729 Sulla
1090 2675 1121 2726 et

73 2753 192 2814 'litiano
211 2753 397 2829 consulibus,
420 2771 495 2812 anno
525 2763 593 2831 post
617 2752 719 2812 urbem
742 2753 887 2812 conditam
908 2764 1041 2814 Decem
1063 2750 1119 2810 lla·

71 2839 171 2898 leudis
187 2837 336 2914 Augustis.
378 2836 474 2897 Alteri
492 2854 615 2912 nornen,
638 2851 713 2912 quae
737 2851 775 2894 ex
797 2833 926 2893 lontibus
948 2834 1074 2894 Caerulo
1092 2843 1122 2892 et

72 2921 178 2982 Curtio
209 2921 442 3000 perducebatur,
474 2917 615 2980 Claudiae
644 2917 749 2976 datum.
794 2915 876 2976 llaec
903 2915 1033 2976 bonitate
1052 2932 1120 2992 pro·

71 3007 154 3066 xima
180 3015 226 3066 est
247 3003 385 3069 bleroiae.
428 3003 548 3080 Altera,
572 3003 707 3081 quoniam
729 3000 803 3060 duae
825 2999 947 3058 Anionis
969 3000 997 3057 in
1019 2996 1121 3071 urbem

72 3106 172 3167 aquae
202 3089 294 3148 lluere
318 3097 497 3168 coeperant,
524 3096 556 3146 ut
577 3086 692 3146 facilius
714 3081 961 3164 appellationibus
985 3082 1120 3142 dinosce-

71 3182 193 3248 rentnr,
222 3172 298 3232 Anio
326 3172 420 3232 Vetus
450 3172 572 3231 vocitari
608 3170 717 3248 coepit.
767 3168 850 3228 Alias
878 3182 980 3232 omnes
1015 3164 1120 3244 perdit.

6 3317 12 3339 ,
72 3256 171 3317 Priori
191 3255 299 3315 Anioni
321 3265 545 3333 cognomentum
561 3253 681 3314 Veteris
703 3252 858 3314 adiectum.

165 3341 215 3400 14.
257 3337 379 3400 Claudia
410 3339 574 3416 concipitur
604 3339 652 3397 via
681 3335 871 3409 Sublacensi,
901 3333 937 3394 ad
971 3333 1122 3394 miliarium

73 3437 236 3500 xxxvm,
259 3423 435 3484 diverticulo
458 3423 643 3481 sinistrorsus
657 3421 731 3480 intra
749 3437 854 3498 passus
873 3429 954 3496 ccc,
978 3435 1016 3479 ex
1036 3418 1122 3480 fonti·

74 3508 134 3570 bus
149 3508 265 3570 duobus
287 3507 473 3586 amplissimis
499 3514 529 3564 et
550 3505 715 3584 speciosis,
738 3501 881 3580 Caerulo,
911 3505 960 3582 qui
982 3523 998 3564 a
1024 3503 1122 3563 simili·
