2475 3909
232 209 574 259 sannuncunnuruon
595 210 700 261 uren.
723 212 799 261 car.
813 214 861 262 ιιι.
873 214 936 261 xr1.
1069 200 1110 263 25

59 366 118 441 cit,
141 373 174 425 ut
195 366 375 445 repetiturus
397 364 481 443 illas,
505 382 522 425 a
544 366 647 444 quibos
669 367 928 451 proficiscebatur,
953 378 1047 431 terras
1068 373 1110 431 vi·

57 450 192 509 deretur.
270 512 274 522 ,
863 479 887 517 ο

149 532 179 593 3.
224 532 256 593 Ρ.
270 533 461 612 Sempronius
484 534 601 613 Sophus
623 536 738 611 consul,
761 537 826 597 acie
848 536 990 596 adversus
1009 536 1109 597 Picen-

58 626 109 677 tes
133 616 257 694 directa,
281 634 345 677 curn
367 617 480 678 subitus
502 627 601 679 terrae
623 629 719 679 motus
738 629 877 699 utrasque
892 630 992 699 partes
1009 622 1110 681 eontu-

62 702 168 778 disset,
191 701 394 761 exhortatione
407 702 587 762 confirmavit
605 720 677 763 suos
697 712 728 763 et
746 705 868 782 impulit,
890 713 920 764 ut
942 714 1110 765 consterna·

61 793 123 845 turn
147 786 357 864 superstitione
379 786 550 846 invaderent
570 786 704 862 hostem,
728 787 905 867 adortusque
929 789 1048 850 devicit.

148 870 179 929 4.
225 869 393 943 Sertorius,
415 887 478 929 cum
500 872 628 947 equitum
650 880 732 931 scuta
751 873 935 933 extrinsecus
956 890 1109 953 equorum·

62 971 120 1031 que
148 962 273 1031 pectora
296 962 414 1012 cruenta
443 952 539 1013 subito
561 954 697 1033 prodigio
719 956 936 1037 adparuisseut,
958 959 1111 1017 victorium

63 1037 200 1114 portendi
220 1038 428 1114 interpretatus
450 1045 512 1114 est,
537 1041 673 1117 quornm
692 1040 761 1100 illue
782 1049 882 1119 partes
903 1042 1037 1101 solerent
1057 1042 1108 1102 hc·

63 1120 121 1180 stili
136 1137 244 1179 cruore
259 1122 405 1198 respergi.

148 1204 178 1267 5.
224 1202 438 1282 Epaminondas
461 1204 636 1280 Thebanus,
661 1208 838 1268 contristatis
858 1208 1006 1286 militibus,
1030 1212 1108 1290 quod

62 1307 99 1347 ex
121 1288 208 1347 hasta
229 1289 290 1347 eius
313 1298 530 1365 ornamentum,
560 1290 669 1350 infulae
689 1308 772 1351 more
793 1292 982 1371 dependens,
1004 1305 1109 1355 ventus

60 1371 196 1431 ablatum
218 1372 247 1431 in
268 1373 434 1451 sepulcrum
450 1372 676 1433 Lacedaemonii
692 1375 840 1434 cuiusdam
862 1376 1026 1453 depulerat,
1049 1378 1108 1437 No·

59 1456 126 1529 lite,
152 1455 259 1532 inquit,
281 1456 397 1532 milites,
421 1457 584 1536 trepidare:
607 1456 846 1517 Lacedaemoniis
868 1459 1046 1536 significatur
1067 1463 1107 1519 iu·
1191 1523 1193 1526 ,

59 1540 185 1607 teritus;
206 1540 341 1617 sepulcra
358 1542 433 1600 eninr
447 1540 613 1601 muneribus
630 1551 778 1601 ornantur.

150 1623 180 1684 6.
225 1616 315 1700 Idem,
339 1642 404 1685 cunr
424 1624 473 1685 fax
494 1624 530 1685 de
549 1626 636 1685 coelo
651 1634 739 1685 nocte
761 1625 882 1705 delapsa
906 1642 971 1702 eos,
995 1629 1043 1705 qui
1059 1629 1108 1689 ad-

60 1716 232 1783 verterunt,
255 1710 424 1784 terruisset,
447 1708 570 1785 Lumen,
594 1712 703 1789 inquit,
726 1709 785 1771 hoc
805 1712 920 1771 numina
942 1713 1107 1785 ostendunt.

116 1818 119 1825 ·
149 1792 179 1850 7.
225 1791 324 1870 Idem,
347 1794 471 1853 instante
493 1794 634 1855 adversus
654 1794 904 1857 Lacedaemonios
924 1814 1022 1875 pugna
1043 1816 1109 1856 curu

62 1876 170 1951 sedile,
192 1877 221 1935 in
242 1894 300 1955 quo
322 1878 491 1959 resederat,
515 1878 720 1940 succubuisset
741 1889 772 1939 et
791 1879 820 1939 id
841 1880 932 1957 vulgo
955 1899 1010 1959 pro
1033 1883 1108 1942 tristi

61 1961 251 2038 exciperetur
271 1962 484 2038 significatione
507 1971 536 2023 et
558 1964 600 2023 sic
622 1964 737 2023 confusi
759 1965 864 2025 milites
879 1967 1107 2045 interpretaren-

61 2052 118 2120 tur,
141 2043 247 2120 lmmo,
272 2046 377 2123 inquit,
401 2056 532 2107 vetamur
552 2047 669 2107 sedere.

149 2126 177 2188 8.
225 2126 258 2191 G.
274 2129 421 2209 Sulpicius
436 2128 536 2191 Gallus
552 2130 699 2191 deiectum
717 2129 802 2189 luuae
825 2133 991 2193 imminente
1005 2145 1104 2210 nocte,

62 2231 99 2271 ne
124 2230 181 2291 pro
205 2222 322 2273 ostento
345 2216 516 2293 exciperent
538 2214 656 2291 milites,
679 2213 825 2293 praedixit
843 2216 979 2291 futurum,
1001 2220 1106 2279 additis

60 2296 222 2355 rationibus
243 2298 397 2377 causisque
420 2298 606 2361 deiectionis.

149 2381 179 2440 9.
235 2381 418 2458 Agathocles
451 2383 669 2457 Syracusanus,
700 2381 842 2441 adversus
874 2379 990 2441 Poenos
1021 2383 1106 2443 simili

61 2463 196 2524 eiusdem
218 2464 322 2525 sideris
342 2466 539 2526 deminutione
561 2468 628 2545 quia
650 2465 704 2526 sub
726 2465 801 2525 diem
825 2483 958 2545 pugnae,
984 2476 1015 2527 ut
1036 2469 1122 2546 pro?

61 2548 159 2625 digio,
183 2549 290 2609 milites
313 2552 356 2609 sui
381 2552 557 2610 consternati
581 2560 681 2625 eraut,
700 2552 813 2610 ratione
836 2568 893 2629 qua
915 2551 943 2611 id
965 2553 1107 2612 acciderit

62 2634 200 2710 exposita
218 2633 333 2709 docuit,
357 2635 495 2711 quidquid
517 2635 587 2696 illud
607 2636 700 2711 iuret,
724 2634 761 2695 ad
782 2653 879 2696 rerum
897 2646 1026 2698 naturam
1047 2655 1106 2697 nou

61 2716 96 2776 ad
117 2718 249 2794 ipsorum
272 2718 452 2795 propositum
475 2720 636 2797 pertinere.
894 2769 896 2776 ,
1029 2768 1035 2775 -

151 2800 200 2861 10.
244 2801 386 2878 Pericles,
410 2821 474 2863 cum
491 2804 519 2863 in
539 2812 635 2864 castra
659 2805 722 2863 eius
744 2804 853 2864 fulmen
869 2805 1029 2865 decidisset
1046 2814 1105 2865 ter·

61 2884 231 2962 ruissetque
249 2886 370 2961 milites,
394 2886 536 2946 advocata
560 2888 703 2946 concione
725 2886 871 2963 lapidibus
892 2889 922 2945 iu
944 2898 1105 2965 conspectu

61 2968 188 3029 omniurn
215 2969 326 3031 collisis
356 2972 453 3047 ignem
483 2972 614 3031 excussit
642 2970 815 3045 sederitque
840 2969 1103 3045 conturbationem,

61 3069 125 3110 cum
149 3052 300 3112 docuisset
322 3055 455 3114 similiter
473 3053 587 3114 nubium
612 3054 727 3114 adtritu·
740 3054 836 3113 excuti
858 3052 976 3112 iulmen.

148 3137 197 3197 11.
244 3136 413 3198 Timotheus
436 3137 643 3215 Atheniensis,
670 3138 811 3199 adversus
840 3135 1027 3210 Corcyraeos
1054 3155 1104 3197 ua·

59 3218 118 3279 vali
140 3220 259 3299 proelio
281 3221 506 3299 decertaturus,
528 3222 718 3301 gubernatori
740 3239 811 3298 suo,
837 3222 886 3299 qui
906 3220 1104 3299 proficiscenti

62 3305 118 3363 iarn
138 3304 227 3365 classi
248 3307 362 3383 signum
380 3308 513 3386 receptui
536 3316 678 3386 coeperat
700 3307 782 3383 dore,
807 3307 874 3385 quia
890 3324 928 3365 ex
946 3306 1105 3385 remigibus

60 3389 215 3465 quemdam
237 3399 445 3451 sternutantem
466 3390 767 3469 audierat,‘bliraris,
790 3392 893 3471 inquit,
913 3410 951 3451 ex
970 3401 1013 3452 tot
1031 3392 1103 3453 mili·

59 3470 111 3531 bus
138 3492 224 3533 unum
247 3471 442 3553 perfrixisse‘i
