2475 3909
259 222 601 273 srusruonuurroou
621 224 692 274 ura
715 225 740 273 1.
763 224 839 275 osa.
861 226 910 275 x1.
1078 216 1118 278 23

158 380 189 439 9.
236 378 429 439 Archidamus
447 377 713 471 Lacedaemonius,
741 381 883 441 adversus
904 383 1037 444 Arcades
1056 381 1119 445 bel

70 465 131 524 lum
153 481 265 541 gerens
294 481 372 523 aram
397 464 426 521 in
452 446 560 523 castris
577 466 675 525 statuit
701 475 733 525 et
762 466 840 525 circa
869 484 934 527 eam
955 467 1029 528 duos
1052 468 1120 529 duci

71 564 169 626 equos
192 556 280 609 noctu
305 548 379 607 clam
402 548 569 625 imperarit:
588 550 848 627 quorumrestigia
863 568 957 627 mene,
976 558 1119 630 tamquam

71 630 180 691 Castor
204 640 234 691 et
254 631 361 691 Pollux
381 633 636 709 perequitassent,
666 634 843 711 ostendens,
872 634 1025 695 adiuturos
1052 652 1119 695 eos·

72 716 139 776 dem
162 716 237 794 ipsis
260 712 472 794 proeliantibus
495 718 649 793 persuasit.

161 801 211 859 1o.
255 800 388 859 Pericles
411 799 469 859 dux
487 800 724 877 Atheniensium,
747 802 867 861 initurus
888 799 1034 881 proelium
1056 820 1120 863 cunr

72 884 330 944 animadvertisset
354 884 466 959 locun,
491 902 529 943 ex
552 902 609 963 quo
630 892 754 965 utraque
775 887 856 947 scies
878 887 1011 965 conspici
1035 896 1119 966 pote·

74 978 134 1044 rat,
156 968 351 1027 densissimae
369 969 540 1046 opacitatis,
563 978 677 1029 vastum
695 970 824 1051 alioquin
846 978 877 1030 et
895 969 954 1031 bin
976 972 1052 1049 patri
1073 988 1120 1031 so·

74 1071 171 1129 crum,
196 1053 321 1130 ingentis
343 1052 404 1112 illic
424 1061 552 1113 staturas
573 1052 733 1130 hominem,
756 1054 903 1115 altissimis
922 1054 1071 1115 cothurnis
1090 1064 1121 1114 et
1227 1059 1231 1065 ⁴

73 1144 159 1195 veste
183 1154 332 1215 purpureo
353 1154 388 1196 ac
412 1154 495 1197 coma
516 1137 730 1214 venerabilem,
760 1140 790 1198 in
817 1156 904 1199 curru
931 1138 1120 1199 candidorum

71 1236 221 1299 equorum
241 1220 392 1281 sublimem
415 1222 578 1298 constituit,
602 1224 651 1301 qui
675 1223 743 1282 dato
764 1223 850 1299 signo
871 1241 989 1301 pugnae
1012 1240 1120 1301 prove·

72 1304 197 1365 lucretur
224 1313 268 1380 et,
305 1321 381 1365 voce
409 1304 553 1365 Periclem
578 1307 694 1365 nomine
719 1305 889 1385 adpellans,
916 1306 1121 1367 cohortaretur

72 1406 146 1449 curn
162 1388 347 1467 diceretque,
370 1386 452 1448 Deos
468 1388 697 1449 Atheniensibus
716 1390 839 1449 adesse:
863 1406 922 1468 quo
942 1407 1037 1467 paene
1054 1398 1121 1450 onte

73 1473 245 1533 coniectum
267 1472 315 1533 tell
337 1472 440 1533 hostes
461 1482 546 1550 terga
567 1480 727 1533 verterunt.

167 1557 216 1615 ll.
260 1556 290 1615 L.
314 1556 410 1633 Sulla,
440 1574 498 1636 quo
527 1558 705 1635 perationem
727 1556 846 1617 militem
874 1556 910 1617 ad
939 1559 1122 1636 pugnandum

72 1640 216 1716 haberet,
241 1641 376 1719 praedici
392 1640 448 1701 sibl
470 1641 562 1703 alliis
583 1641 678 1702 lutura
695 1636 850 1702 simulavit.
870 1640 1023 1701 Postremo
1037 1642 1123 1701 etiam

72 1726 104 1784 in
128 1734 290 1803 conspectu
313 1726 476 1802 exercitus,
497 1727 665 1804 priusquam
686 1727 715 1785 iu
737 1726 831 1786 aciem
850 1725 1060 1801 descenderet,
1084 1726 1122 1785 si·

73 1828 165 1887 gnum
187 1809 320 1869 modicae
343 1810 555 1888 amplitudinis,
575 1811 654 1888 quod
674 1809 799 1889 Delphis
823 1809 995 1885 sustulerat,
1021 1807 1124 1869 orabat

75 1892 275 1973 petebatque,
295 1896 471 1972 promissam
488 1896 639 1955 victoriam
660 1904 826 1955 maturaret

167 1976 216 2036 12.
263 1976 298 2036 G.
312 1976 419 2037 illarius
439 1986 538 2056 sagam
558 1978 709 2057 quemdem
732 1997 770 2038 ex
793 1980 877 2054 Syria
893 1978 1009 2055 habuit,
1028 1949 1124 2057 aqua

75 2080 112 2121 se
134 2062 348 2121 dimicationum
371 2072 493 2123 eventus
513 2062 702 2140 praediscere
721 2062 885 2122 simulabat.

166 2146 215 2207 1.3
262 2144 299 2219 Q.
324 2146 488 2222 Sertorius,
513 2165 577 2206 cunr
599 2145 725 2206 barbaro
750 2154 780 2204 et
799 2146 920 2205 rationis
936 2146 1056 2206 indocili
1074 2147 1125 2205 rni-

79 2231 130 2290 lite
143 2238 286 2303 uteretur,
311 2248 429 2291 cervam
449 2192 628 2291 cahdidam
619 2230 741 2307 insignis
759 2228 870 2288 formae
885 2247 941 2307 per
950 2228 1127 2292 lusitanum

78 2313 208 2374 ducebat
236 2322 265 2372 et
287 2313 323 2373 ab
345 2332 398 2390 ea,
433 2333 508 2394 quse
532 2315 646 2398 agenda
675 2322 724 2374 aut
744 2311 861 2372 vitanda
893 2320 1009 2385 essent,
1040 2328 1125 2389 prae·

77 2415 209 2457 noscere
232 2414 265 2455 se
288 2398 495 2468 adseverabat3
523 2408 555 2458 ut
576 2397 693 2459 barbari
714 2398 751 2458 ad
774 2397 868 2458 omnia
891 2404 1034 2473 tamquam
1054 2395 1126 2511 divi·

78 2485 157 2542 nitus
175 2484 315 2560 imperata
337 2482 499 2543 obedirent.

167 2566 232 2627 lloc
252 2584 363 2643 genere
386 2576 614 2644 strategematon
636 2583 694 2625 non
713 2584 747 2627 ea
766 2576 873 2628 tantum
889 2575 973 2647 parte
990 2565 1128 2625 utendum

80 2660 141 2725 est,
164 2668 220 2729 que
233 2651 382 2728 imperitos
394 2650 620 2711 existimabimus
638 2669 706 2711 esse
715 2653 823 2730 ,apud
842 2668 917 2732 quos
939 2652 984 2711 his
1004 2660 1127 2724 utemur,

81 2734 241 2797 sedmulto
264 2736 355 2811 magis
379 2752 424 2810 ea,
448 2754 504 2815 qua
527 2736 594 2795 talia
614 2744 708 2812 erunt,
729 2754 805 2815 quae
821 2735 1074 2813 excogitabantur,
1097 2743 1129 2793 ut

81 2838 98 2879 o
118 2818 184 2879 Diis
206 2826 363 2878 monstrata
382 2820 545 2879 credantur.

173 2903 221 2963 14.
267 2902 436 2963 Alexander
453 2903 577 2963 Macedo
600 2902 816 2961 sacrificaturus
837 2902 986 2979 inscripsit
1002 2900 1129 2960 medica·

81 2994 182 3045 mento
205 2987 349 3064 aruspicis
374 3006 502 3063 manum,
535 3003 622 3063 quam
648 2986 699 3044 ille
723 2986 798 3043 extis
825 2993 888 3044 erat
914 2982 1127 3060 subpositurus.

80 3070 210 3129 Litterae
239 3070 457 3147 significabant,
488 3071 641 3129 victoriam
663 3069 833 3128 Alexandro
853 3066 940 3127 dari:
970 3082 1130 3142 quoscum

82 3156 168 3213 iecor
185 3154 310 3215 calidum
332 3157 479 3234 rapuisset
503 3162 560 3213 eta
579 3171 653 3231 rege
668 3154 749 3213 militi
763 3161 844 3213 essct
863 3159 1031 3225 ostensum,
1052 3149 1131 3209 auxit

83 3239 207 3297 animum
214 3236 391 3317 ,tamquam
411 3239 477 3298 Deo
501 3237 664 3316 spondente
687 3238 848 3297 victoriam

174 3322 221 3381 15.
274 3321 354 3383 ldem
388 3322 459 3383 lecit
492 3322 617 3383 Sudines
648 3340 794 3400 aruspex,
827 3318 972 3400 proelium
999 3316 1130 3377 Eumene

83 3424 148 3467 eum
171 3404 262 3467 Gallis
285 3408 485 3467 commissum.
581 3442 585 3455 ·

173 3490 222 3552 16.
268 3490 484 3571 Epaminondas
505 3490 679 3567 Thebanus,
711 3489 853 3551 adversus
880 3488 1130 3549 Lacedaemonios
