2475 3909
135 191 178 253 96
470 203 546 256 anx.
569 203 659 254 mun
677 201 849 254 snonnrnn

135 365 221 426 dibus
249 363 354 437 innixi,
378 359 526 440 prioribus
550 359 710 434 adlevatis,
737 357 804 418 dum
832 357 994 420 naturalem
1023 359 1187 420 adsistendi

136 448 274 527 adpetunt
292 445 551 518 consuetudinem,
570 443 608 504 ad
632 443 771 503 sudorem
786 461 882 522 usque
904 459 989 503 crura
1010 444 1165 504 ianiarent.

137 618 145 632 .
222 532 272 592 35.
312 525 464 628 M'.c.²⁸⁰’
493 526 702 628 pollicentibus
729 525 864 628 barbaris
886 526 979 626 duces
997 527 1135 587 itinerum
1158 537 1187 586 et

134 614 464 776 tttttttiitti:
480 620 1185 774 trittattin:tl‘ttiii'tttnttt

135 791 255 862 poterat
277 781 365 856 dare,
389 787 448 853 ant,
470 777 634 839 interiectis
655 778 705 854 iis,
730 777 941 839 exsolvebatnr
959 779 1121 856 promisso.

220 864 271 925 36.
316 862 352 936 Q.
372 861 513 922 Maximus
533 861 718 938 transfugere
744 861 780 922 ad
801 862 904 922 hostes
921 862 1074 922 volentem
1097 863 1182 922 Stati·

134 947 220 1024 ltnm,
240 945 368 1006 nobilem
383 944 481 1006 clarae
493 962 606 1023 operae
617 946 761 1022 equitem,
775 947 878 1005 vocari
894 946 980 1006 adse
996 947 1081 1005 iussit
1097 947 1184 1024 eique

135 1032 304 1106 excusavit,
329 1028 408 1107 quod
439 1029 546 1088 invidia
573 1027 798 1088 commilitonum
828 1029 953 1089 virtutes
981 1030 1062 1089 illius
1090 1030 1130 1089 ad
1157 1030 1183 1089 id

132 1123 249 1193 tempus
275 1116 458 1191 ignorasset:
487 1121 547 1171 tum
577 1111 686 1172 donato
711 1113 738 1171 ei
765 1128 859 1190 equo,
887 1113 1044 1190 pecuniam
1063 1113 1184 1191 insuper

134 1198 257 1276 largitus
284 1197 423 1270 obtinuit,
451 1203 498 1271 ut,
531 1213 616 1275 quem
644 1213 683 1255 ex
706 1197 886 1256 conscientia
909 1196 1057 1275 trepidum
1082 1215 1182 1256 arces·

134 1282 243 1357 sierat,
267 1281 375 1343 laetum
396 1280 554 1340 dimitteret
572 1287 603 1338 et
625 1297 663 1338 ex
685 1278 773 1339 dnbio
795 1280 825 1338 in
840 1279 985 1358 reliquum
1003 1297 1063 1340 non
1087 1281 1181 1340 minus

134 1365 253 1427 ildelem
276 1383 362 1444 quam
383 1364 489 1424 iortem
511 1361 635 1422 baberet
655 1364 792 1441 equitem.

219 1449 271 1511 37.
313 1447 480 1526 Philippus,
497 1462 562 1508 cum
584 1445 714 1506 audisset
729 1444 877 1521 Pythiam,
901 1445 1056 1525 quemdam
1074 1447 1183 1507 bonum

133 1541 343 1612 pugnatorem,
365 1531 520 1590 alienatum
541 1530 613 1605 sibi,
636 1529 714 1606 qnod
732 1538 794 1589 tres
810 1529 884 1612 illias
906 1532 990 1609 inops
1012 1531 1062 1590 vix
1085 1530 1184 1590 aleret

133 1634 191 1676 nec
210 1635 227 1677 a
248 1633 321 1694 rege
340 1614 542 1689 adiuvaretur,
565 1611 748 1673 monentibus
768 1613 955 1691 nuribusdam,
978 1615 1019 1674 uti
1042 1631 1112 1672 enm
1137 1633 1182 1674 oa·
1231 1685 1232 1694 χ

133 1709 236 1774 aeret,
258 1695 355 1773 Quid?
380 1699 416 1772 si,
439 1699 547 1775 inquit,
577 1705 690 1776 partem
716 1697 852 1774 corporis
881 1714 999 1774 aegram
1027 1696 1182 1770 haberem,

135 1782 320 1843 abscideram
340 1782 436 1859 potius
457 1796 541 1856 qnam
564 1775 717 1840 curarem?
757 1779 872 1840 Deinde
887 1780 1069 1841 familiariter
1088 1780 1128 1841 ad
1149 1800 1185 1842 se

136 1864 265 1926 elicitum
290 1871 410 1924 secreto
436 1861 583 1938 Pythium,
615 1871 740 1940 accepta
770 1863 941 1924 diiiicnltate
970 1866 1183 1924 necessitatum

134 1948 375 2020 domesticarum,
401 1945 524 2023 pecunia
548 1947 698 2014 instruxit3
728 1963 763 2006 ec
784 1945 937 2007 meliorem
957 1947 1182 2027 fidelioremque

133 2029 249 2104 babuit,
275 2046 358 2108 qnam
378 2027 535 2104 habuerat,
555 2038 710 2109 antequam
733 2030 907 2091 ollenderet.

58 2183 61 2188 ¹
220 2112 271 2187 38,
313 2111 347 2174 Τ.
366 2111 517 2186 Quinctius
534 2110 685 2191 Crispinus
699 2123 766 2192 post
778 2114 931 2174 inlaustam
947 2114 1093 2176 adversus
1108 2114 1182 2176 Poe·

134 2212 190 2258 nos
219 2196 448 2273 dimicationem,
474 2214 532 2275 qua
560 2197 706 2273 collegam
733 2195 904 2258 Marcellum
933 2199 1089 2274 amiserat,
1119 2218 1181 2259 cnm

136 2283 332 2360 comperisset
358 2282 480 2359 potitum
509 2281 615 2341 annulo
650 2279 797 2341 interiecti
825 2279 1031 2358 Hannibalem,
1066 2281 1182 2344 litteras

136 2364 217 2426 circa
243 2366 397 2444 municipia
419 2365 506 2424 totius
527 2362 628 2424 ltaliae
650 2363 772 2440 dimisit,
792 2383 830 2424 ne
853 2365 1009 2426 crederent
1032 2367 1183 2444 epistolis,

135 2448 161 2506 si
191 2465 265 2525 quae
286 2446 419 2507 Marcelli
449 2445 554 2504 annulo
577 2446 749 2523 obsignatae
781 2448 996 2526 perferrentnr;
1018 2451 1184 2509 monitione

137 2539 330 2604 consecutus,
352 2537 383 2588 ut
403 2527 523 2606 Salapia
539 2536 569 2588 et
590 2528 665 2590 aliae
681 2529 768 2591 urbes
787 2531 894 2592 irustra
910 2531 1081 2594 Hannibalis
1106 2534 1184 2595 dolis

135 2619 323 2672 tentarentur.

222 2693 272 2755 39.
317 2694 388 2755 Post
410 2694 592 2756 Cannensem
620 2696 734 2759 cladem
754 2698 899 2777 perculsis
921 2699 959 2760 ita
982 2699 1185 2762 Rornanorum

136 2778 253 2855 ommis,
277 2786 307 2839 ut
329 2797 398 2859 pars
416 2797 520 2859 magna
534 2781 722 2860 reliquiarum
738 2782 926 2843 nobilissimis
942 2785 1115 2844 unctoribus
1134 2786 1185 2846 de·

136 2862 280 2925 serendae
300 2863 402 2945 ltaliae
417 2865 503 2926 iniret
523 2865 691 2941 consilium,
714 2866 744 2926 Ρ.
760 2867 860 2944 Scipio
880 2866 1057 2927 adolescens
1081 2869 1185 2930 admo·

136 2947 221 3026 dum,
239 2949 347 3029 impetn
368 2948 463 3027 lacto,
480 2950 510 3010 in
529 2967 566 3009 eo
587 2951 654 3028 ipso
676 2949 703 3008 in
722 2966 779 3027 quo
800 2949 869 3009 talia
885 2950 1069 3027 agitabantur
1094 2961 1185 3013 coetu

136 3035 346 3112 pronuntiavit,
360 3051 444 3092 manu
460 3051 493 3093 se
509 3051 561 3094 sua
574 3031 810 3108 interfecturum,
832 3033 887 3092 nisi
902 3035 950 3112 qni
965 3035 1108 3112 iurasset,
1127 3053 1185 3096 non

137 3135 205 3178 esse
228 3118 283 3181 sibi
301 3126 427 3179 mentem
441 3117 643 3177 destituendus
662 3115 859 3196 reipublicae:
884 3133 1009 3197 cumque
1030 3119 1101 3198 ipse
1126 3122 1184 3199 pri-

136 3217 199 3258 mns
228 3221 262 3264 se
283 3202 427 3280 religione
450 3200 500 3260 tali
527 3200 705 3279 obligasset,
735 3203 838 3261 stricto
861 3201 961 3279 gladio
980 3211 1112 3263 mortem
1134 3206 1185 3264 nni

136 3299 175 3339 ex
200 3287 339 3360 proximis
360 3287 498 3360 minatus,
517 3287 572 3345 nisi
591 3286 740 3362 acciperet
761 3294 989 3362 sacramentnm,
1012 3286 1099 3348 illum
1123 3306 1184 3348 me·

136 3368 182 3433 tu,
205 3375 323 3424 ceteros
344 3370 430 3427 etiam
451 3368 586 3446 exemplo
608 3367 708 3443 coegit
729 3368 766 3427 ad
786 3368 944 3429 iurandum.

219 3446 270 3505 40.
312 3447 488 3510 Volscorum
517 3459 611 3510 castra
636 3467 700 3510 oum
723 3466 817 3528 prope
842 3468 859 3511 a
884 3451 1019 3529 virgultis
1042 3453 1184 3534 silvaque
