2475 3909
448 222 523 275 SEX.
546 224 635 274 iuuit
656 222 826 274 rnouumi

527 378 677 440 CAPUT
704 378 756 441 lv.

221 510 288 558 rna
312 510 404 571 enan
425 511 559 561 nocuus
581 512 630 558 uo
652 510 805 559 rnorrau
825 509 1068 558 nnorouurun.

209 618 236 694 l.
270 631 378 693 Fabius
389 630 548 709 Maximus,
563 635 685 695 vastatis
698 632 911 713 Campanorum
924 634 1014 711 agris,
1036 651 1077 692 ne
1097 633 1169 711 quid

123 720 165 781 eis
188 716 224 779 ad
246 717 379 778 fiduciam
401 716 562 779 obsidionis
579 727 766 795 superesset,
790 720 917 779 recessit
937 719 1079 779 sementis
1094 728 1168 777 tenr-

121 820 212 881 pare,
232 810 263 861 ut
280 800 453 861 frumentum
473 803 551 879 quod
572 802 716 882 reliquum
734 801 885 862 habebant
901 804 930 862 in
947 803 1085 862 sationes
1096 819 1168 861 con·

121 887 248 951 ferreum
266 901 404 944 reversus
423 884 528 944 deinde
551 896 651 946 renata
671 887 814 964 protrivit.

207 968 236 1029 2.
278 967 442 1045 Antigonus
466 968 606 1030 adversus
634 969 832 1031 Athenienses
853 970 932 1031 idem
958 968 1045 1045 iecit,
1078 978 1110 1028 et
1131 969 1167 1029 ad

120 1054 226 1115 lamam
246 1050 373 1112 redactis
395 1054 502 1129 potitus
525 1063 580 1113 est.
675 1046 691 1069 ⁸

207 1137 235 1199 3.
278 1136 451 1213 Dionysius,
470 1138 566 1199 multis
581 1137 702 1199 urbibus
725 1139 838 1216 captis,
861 1156 925 1197 curn
940 1136 1095 1215 Rheginos
1117 1138 1166 1198 ad·

120 1220 204 1299 gredi
225 1220 333 1297 vellet,
363 1220 412 1300 qui
435 1223 530 1299 copiis
551 1220 750 1302 abundabant,
772 1222 888 1282 simulat
909 1240 1013 1299 pacem
1031 1223 1166 1301 petitque

121 1301 158 1367 ab
182 1305 242 1381 eis,
269 1314 299 1364 ut
321 1314 497 1364 commeatus
520 1307 663 1365 exercitui
685 1307 777 1383 ipsius
798 1304 1066 1366 subministrarent:
1087 1308 1168 1384 qnod

121 1408 185 1449 oum
208 1391 428 1467 impetrassent,
452 1390 594 1451 exhausto
617 1390 828 1468 oppidanorum
843 1390 988 1451 frumento
1005 1391 1168 1468 adgressus

120 1473 221 1534 urbem
243 1476 281 1533 a'
312 1474 385 1532 entis
408 1472 573 1533 destitutam
595 1475 753 1551 superavit.

205 1558 235 1616 4.
292 1557 356 1616 dem
386 1564 415 1615 et
436 1557 577 1617 adversus
596 1557 769 1617 Himeraeos
791 1556 900 1616 iecisse
922 1556 1035 1617 dieitur.

207 1642 236 1701 5.
278 1640 463 1715 Alexander,
496 1640 534 1699 oh
558 1651 716 1719 agnatorus
746 1640 920 1707 Leucadiam
956 1640 1167 1701 commeatibus

121 1725 330 1799 abundantem,
351 1726 431 1803 prius
444 1661 565 1784 castelba
578 1744 652 1803 quae
665 1726 693 1783 in
708 1725 832 1785 confinio
846 1728 928 1783 erant
940 1728 1029 1803 cepit,
1047 1742 1165 1785 ornnes·

122 1827 179 1888 que
196 1827 234 1869 ex
249 1809 296 1868 hia
311 1803 485 1866 Leucadiam
500 1826 604 1885 passus
622 1817 668 1867 est
683 1809 862 1886 confugere,
886 1817 924 1869 ut·
939 1809 1167 1870 alimentainter

121 1892 227 1973 multos
250 1892 378 1951 celerius
396 1889 625 1951 absumerentur.
854 1900 860 1911 '

207 1976 235 2035 6.
276 1966 406 2033 Phalhris
422 1972 648 2052 Agrigentinus,
673 1993 738 2035 curn
754 1976 896 2056 quaedam
919 1976 986 2036 loca
1006 1978 1166 2051 munitione

122 2066 183 2133 tuta
206 2058 235 2117 in
258 2056 356 2117 Sicilia
379 2056 578 2136 obpugnaret,
605 2059 739 2119 simulato
761 2060 884 2120 loedere
906 2061 1065 2136 irrunenta,
1091 2079 1167 2140 quae

121 2141 239 2203 residua
267 2160 299 2201 se
329 2140 439 2201 habere
462 2144 595 2221 dicebat,
619 2144 694 2223 apud
717 2161 772 2202 eos
794 2137 947 2223 depoiuit:
970 2145 1075 2204 deinde
1100 2146 1167 2205 daia

123 2243 231 2306 opera,
253 2235 284 2287 ut
306 2235 449 2301 tectorum
472 2246 623 2305 camerae,
646 2227 802 2305 inquibus
825 2229 854 2289 id
878 2228 1100 2307 conferebatur,
1119 2248 1166 2288 re-

123 2314 236 2372 scissae
258 2312 383 2391 pluviam
410 2312 593 2388 reciperent,
624 2312 729 2372 lidueia
760 2312 869 2372 conditi
897 2322 1073 2372 commeatus
1098 2332 1166 2391 pro-

121 2399 186 2474 prio
201 2390 296 2455 tritico
314 2394 421 2454 abusos
434 2396 529 2485 pgimo
548 2397 629 2456 initio
639 2396 765 2457 'aestatis
780 2395 950 2474 adgressus,
974 2397 1073 2477 inopia
1087 2414 1167 2458 com·

123 2479 196 2557 pulit
211 2479 246 2539 ad
258 2474 443 2539 deditionem.

541 2644 689 2727 curun
712 2648 748 2719 ιι.

165 2774 442 2835 QUEMADMODUM
472 2777 766 2844 PERSUADuauuR,
795 2779 1013 2829 oasmroituu
1041 2782 1126 2829 PER·

435 2886 436 2889 ι
544 2863 748 2911 MANSURAM.

211 2983 238 3040 1.
281 2978 441 3042 Clearchus
457 2980 720 3059 Lacedaemonius,
740 2984 923 3064 exploratum
945 2984 1057 3045 habens
1076 2984 1168 3046 Thra·
1231 3015 1233 3118 p

123 3083 175 3127 cas
191 3066 285 3125 omnia
301 3067 389 3125 victui
411 3067 578 3126 necessaria
599 3068 628 3125 in
642 3076 756 3127 montes
775 3079 994 3147 comportasse,
1016 3088 1073 3129 una
1096 3087 1168 3148 quo·

123 3167 180 3226 que
211 3166 265 3227 spe
294 3150 465 3225 sustentari,
492 3165 550 3229 quo
579 3151 736 3211 crederent
768 3170 834 3213 eurn
861 3162 1039 3213 commeatus
1067 3154 1169 3232 inopia

124 3249 325 3308 recessurum,
355 3230 460 3311 perid
487 3241 617 3312 tempus,
646 3236 724 3313 quod
748 3235 866 3313 legatos
892 3255 993 3297 eorum
1024 3246 1167 3298 venturos
1231 3257 1232 3292 1

126 3313 314 3387 opinabatur,
337 3316 462 3392 aliquem
478 3334 515 3377 ex
531 3319 656 3394 captivis
673 3320 701 3377 in
721 3330 884 3398 conspectu
903 3323 987 3381 iussit
1005 3322 1115 3397 occidi,
1138 3342 1155 3381 e
1231 3310 1232 3389 l

124 3392 304 3451 membratim
328 3405 470 3473 tamquam
489 3400 617 3460 alimenti
639 3418 727 3460 eausa
749 3404 778 3460 in
799 3404 989 3464 contubernia
1010 3404 1157 3465 distribuit

122 3470 267 3549 ¹Thraces,
289 3476 358 3535 nihil
378 3494 435 3537 non
451 3480 592 3541 iacturum
608 3488 849 3561 perseverantiae
861 3505 949 3549 causa
966 3507 1030 3549 eum
1043 3490 1166 3550 creden·
