2475 3909
122 164 163 225 56
455 171 531 223 oux.
556 172 838 223 tuu11rrtour1u1

121 349 260 413 gressus,
283 330 376 391 altera
398 329 566 391 eorumdem
589 340 683 391 casua
705 330 817 391 invasit.
861 322 904 390 lta
923 329 969 391 bis
988 329 1079 391 simili
1101 349 1175 389 usus

118 426 246 489 ‚eventu,
275 414 381 475 deletis
411 412 567 493 utrobique
594 412 718 492 Poenis,
746 414 868 477 amissas
896 415 1007 494 populo
1035 414 1174 475 Romano

121 501 276 581 Hispanias
295 500 431 560 restituit.
991 501 997 511 '

528 664 682 729 curun
708 664 766 729 ιιι.
805 630 809 635 ’

224 800 272 847 mt
293 798 477 847 nubtottttta
503 797 628 846 sums
657 796 696 844 IN
720 793 804 847 HD!
825 798 1051 848 notmannis.

208 923 236 980 1.
280 920 311 979 P.
326 918 462 979 Valerius
476 918 633 999 Epidauri,
656 921 760 979 timens
776 920 987 998 oppidanorum
1001 920 1168 1000 perfidiam,

122 1006 187 1085 quia
207 1023 306 1083 parum
320 1005 458 1084 praesidii
477 1004 619 1080 habebat,
643 1005 795 1080 gymnicos
809 1004 894 1065 ludos
915 1005 1020 1084 procul
1039 1004 1077 1065 ab
1093 1004 1169 1065 urbe

121 1089 280 1169 adparavit.
326 1087 392 1163 Quo
421 1107 485 1149 cum
512 1090 605 1151 omnis
635 1088 699 1149 iere
725 1087 876 1149 multitudo
904 1090 1058 1166 spectandi
1079 1107 1169 1152 causa

121 1174 249 1247 exisset,
274 1172 378 1233 clausit
400 1182 519 1252 portas,
541 1173 645 1232 necin
666 1190 717 1231 eas
737 1181 822 1233 antea
843 1172 957 1235 admisit
978 1172 1168 1253 Epidaurios,

121 1276 205 1337 quam
225 1257 345 1318 obsides
367 1276 382 1317 a
406 1256 584 1336 principibus
608 1257 768 1335 acciperet.

207 1340 235 1401 2.
282 1338 335 1402 Cn.
362 1339 535 1420 Pompeius,
565 1358 629 1400 cum
656 1349 813 1420 suspectos
842 1339 966 1400 baberet
994 1338 1168 1399 Gauccnses

121 1436 150 1487 et
171 1435 340 1501 vereretur,
361 1444 397 1486 nc
418 1426 595 1504 praesidium
610 1442 668 1483 non
685 1426 871 1502 reciperent,
894 1425 977 1502 petiit
992 1424 1029 1484 ab
1050 1426 1116 1499 eis,
1137 1433 1169 1483 ut

121 1528 230 1587 aegros
252 1511 364 1570 interim
387 1508 463 1589 apud
491 1528 524 1568 se
553 1508 636 1568 retici
659 1500 843 1587 paterentur;
870 1508 1036 1568 fortissimis
1060 1508 1167 1569 deinde

119 1594 217 1655 babitu
246 1593 441 1671 languentium
467 1594 579 1669 missis,
610 1593 756 1653 civitatem
776 1593 932 1669 occupavit
955 1594 1166 1671 continuitque.

205 1677 235 1739 3.
280 1676 467 1753 Alexander,
503 1676 620 1737 devicta
651 1677 871 1755 perdomitaque
908 1674 1031 1736 Thracia
1058 1685 1168 1755 petens

120 1762 238 1837 Asiam,
261 1763 437 1837 veritusne
468 1768 534 1839 post
560 1761 652 1837 ipsius
680 1761 843 1821 discessum
868 1770 1050 1821 sumerentur
1074 1778 1167 1835 arma,

120 1864 209 1923 reges
228 1862 327 1904 eorum
342 1843 569 1922 praefectosque
584 1852 613 1904 et
629 1861 752 1924 omues,
776 1843 881 1923 quibus
896 1844 1048 1905 ridebatur
1067 1846 1167 1905 inesse

122 1946 189 1989 cura
217 1930 367 1989 detractae
394 1926 553 2005 libertatis,
583 1946 684 1987 secum
709 1926 790 1989 velut
811 1928 931 1989 honoris
954 1946 1042 1991 causa
1064 1930 1166 1995 traxit;

120 2011 298 2089 ignobilibus
319 2019 414 2071 autern
437 2011 548 2071 relictis
569 2012 706 2090 plebeios
729 2012 888 2090 praefecit,
912 2022 1105 2087 consecutus,
1126 2013 1167 2071 uti

121 2097 270 2175 principes
293 2095 445 2156 benediciis
468 2097 531 2155 eius
556 2096 691 2157 obstricti
709 2096 780 2155 nibil
804 2113 913 2155 novare
935 2096 1059 2172 vellent,
1078 2095 1168 2175 plebs

122 2197 195 2241 vero
218 2199 254 2241 ne
273 2190 375 2259 posset
399 2181 531 2259 quidem,
556 2181 682 2260 spoliata
703 2179 894 2259 principibus.

206 2266 235 2325 4.
279 2263 448 2344 Antipater,
479 2274 642 2342 conspecto
669 2266 768 2343 priore
794 2262 993 2323 Bottiaeornm
1023 2263 1167 2339 exercitu,

122 2350 170 2429 qui
189 2350 284 2411 audita
306 2358 399 2409 rnorte
417 2347 578 2407 Alexandri
599 2348 637 2408 ad
647 2347 840 2407 infestandum
856 2349 1007 2427 imperium
1019 2349 1082 2407 eius
1098 2365 1167 2407 con·

119 2434 278 2506 lluxerant,
302 2430 484 2492 dissimulans
508 2432 585 2489 scire
605 2449 657 2506 se,
680 2449 736 2509 qua
754 2434 1034 2508 menttvenissent,
1058 2432 1168 2509 gratias

120 2517 166 2577 bis
188 2518 268 2592 egit,
291 2516 369 2594 quod
391 2514 427 2574 ad
446 2513 582 2573 auxilium
603 2514 754 2575 ferendum
773 2514 942 2577 Alexandro
959 2516 1104 2576 adversus
1116 2515 1169 2576 La·

120 2588 328 2659 cedaemon’ios
352 2598 573 2674 convenissent,
598 2598 764 2679 adiecitque
787 2599 815 2658 id
837 2618 871 2663 sc
893 2601 958 2677 regi
978 2602 1169 2678 scripturum:

121 2691 251 2742 ceterum
273 2683 370 2760 ipsos,
391 2683 456 2760 quia
480 2681 535 2741 sibi
556 2699 646 2761 opera
670 2701 771 2746 eorum
792 2686 821 2743 in
842 2684 990 2762 praesenti
1008 2701 1068 2743 non
1088 2693 1170 2743 essct

120 2767 305 2841 necessaria,
329 2765 441 2826 abirent
459 2766 562 2827 domos
580 2766 711 2827 hortatus
731 2776 796 2827 est:
826 2777 856 2829 et
868 2768 923 2828 bac
941 2768 1171 2829 adseueratione

120 2850 298 2930 periculum,
322 2851 400 2930 quod
422 2870 460 2911 cx
481 2853 611 2911 novitate
634 2870 730 2910 rerum
749 2849 932 2926 imminebat,
954 2850 1103 2912 discnssit.

206 2936 235 2995 5.
280 2936 381 3015 Scipio
409 2933 565 2995 Africanus
594 2937 623 2995 in
650 2933 805 3013 Hispania,
836 2954 902 2997 cum
929 2936 1005 2995 inter
1036 2937 1170 3016 captivas

120 3021 243 3080 eximiae
263 3020 375 3080 iormac
399 3020 484 3097 virgo
504 3018 608 3079 nubilis
629 3018 665 3079 ad
683 3038 748 3086 eum
767 3020 909 3098 perducta
927 3028 1010 3079 esset
1029 3022 1168 3080 omnium·

120 3122 177 3181 que
196 3105 300 3165 oculos
318 3105 346 3162 in
366 3122 399 3163 se
416 3112 619 3179 converteret,
643 3121 750 3162 summa
767 3104 899 3166 custodia
911 3102 1038 3163 babitar‘n
1057 3122 1168 3182 sponso

120 3189 235 3246 nomine
260 3187 377 3247 Allucio
405 3186 544 3254 reddidit;
575 3188 754 3266 insuperque
782 3204 899 3262 aurum,
929 3187 1008 3265 quod
1030 3198 1169 3265 parentes

121 3269 184 3325 eins
210 3269 561 3347 redempturi'captivam
584 3271 690 3331 donum
712 3271 845 3349 Scipioni
866 3270 1049 3346 adtulerunt,
1074 3272 1168 3333 eidem

122 3364 233 3423 sponso
262 3368 315 3426 pro
344 3350 467 3431 nuptiali
494 3372 614 3413 munere
640 3353 730 3414 dedit.
777 3353 841 3427 Qua
863 3354 1016 3433 multiplici
1036 3356 1166 3432 magnili-

124 3432 218 3491 centia
239 3433 372 3493 universa
398 3454 472 3513 gens
501 3438 578 3499 victa
604 3438 727 3517 imperio
755 3438 857 3516 pupuli
879 3437 1003 3499 Romani
1027 3441 1166 3499 accessit.
