<?xml version="1.0" encoding="UTF-8"?>
<!DOCTYPE html PUBLIC "-//W3C//DTD XHTML 1.0 Transitional//EN"
    "http://www.w3.org/TR/xhtml1/DTD/xhtml1-transitional.dtd">
<html xmlns="http://www.w3.org/1999/xhtml" xml:lang="en" lang="en">
 <head>
  <title>
</title>
<meta http-equiv="Content-Type" content="text/html;charset=utf-8" />
  <meta name='ocr-system' content='tesseract 3.04.00' />
  <meta name='ocr-capabilities' content='ocr_page ocr_carea ocr_par ocr_line ocrx_word'/>
</head>
<body>
  <div class='ocr_page' id='page_1' title='image "./sexiuliifrontin00dedegoog_0007.png"; bbox 0 0 2475 3909; ppageno 0'>
   <div class='ocr_carea' id='block_1_1' title="bbox 330 372 911 476">
    <p class='ocr_par' dir='ltr' id='par_1_1' title="bbox 330 372 911 476">
     <span class='ocr_line' id='line_1_1' title="bbox 330 372 911 476; baseline -0.007 -21"><span class='ocrx_word' id='word_1_1' title='bbox 330 374 630 476; x_wconf 71' lang='lat' dir='ltr'><strong>remanum</strong></span> <span class='ocrx_word' id='word_1_2' title='bbox 650 372 911 453; x_wconf 82' lang='lat' dir='ltr'><strong>nnmoms.</strong></span> 
     </span>
    </p>
   </div>
   <div class='ocr_carea' id='block_1_2' title="bbox 38 575 1148 2141">
    <p class='ocr_par' dir='ltr' id='par_1_2' title="bbox 38 575 1148 2141">
     <span class='ocr_line' id='line_1_2' title="bbox 182 575 1143 659; baseline 0.002 -22"><span class='ocrx_word' id='word_1_3' title='bbox 182 576 325 651; x_wconf 79' lang='lat' dir='ltr'><strong>Quoniam</strong></span> <span class='ocrx_word' id='word_1_4' title='bbox 344 594 455 639; x_wconf 81' lang='lat' dir='ltr'><strong>summa</strong></span> <span class='ocrx_word' id='word_1_5' title='bbox 476 597 584 655; x_wconf 82' lang='lat' dir='ltr'><strong>rerum,</strong></span> <span class='ocrx_word' id='word_1_6' title='bbox 602 579 698 658; x_wconf 77' lang='lat' dir='ltr'><strong>qualis</strong></span> <span class='ocrx_word' id='word_1_7' title='bbox 719 579 788 641; x_wconf 88' lang='lat' dir='ltr'><strong>buic</strong></span> <span class='ocrx_word' id='word_1_8' title='bbox 808 579 986 659; x_wconf 69' lang='lat' dir='ltr'><strong>scripturn!</strong></span> <span class='ocrx_word' id='word_1_9' title='bbox 998 575 1143 639; x_wconf 73' lang='lat' dir='ltr'><strong>tiamm-</strong></span> 
     </span>
     <span class='ocr_line' id='line_1_3' title="bbox 96 661 1144 743; baseline 0.001 -21"><span class='ocrx_word' id='word_1_10' title='bbox 96 678 158 722; x_wconf 90' lang='lat' dir='ltr'><strong>rum</strong></span> <span class='ocrx_word' id='word_1_11' title='bbox 180 662 350 723; x_wconf 81' lang='lat' dir='ltr'><strong>collectioni</strong></span> <span class='ocrx_word' id='word_1_12' title='bbox 372 664 518 741; x_wconf 73' lang='lat' dir='ltr'><strong>praemitti</strong></span> <span class='ocrx_word' id='word_1_13' title='bbox 538 664 632 740; x_wconf 86' lang='lat' dir='ltr'><strong>solet,</strong></span> <span class='ocrx_word' id='word_1_14' title='bbox 654 664 748 743; x_wconf 79' lang='lat' dir='ltr'><strong>ipsius</strong></span> <span class='ocrx_word' id='word_1_15' title='bbox 769 664 911 738; x_wconf 68' lang='lat' dir='ltr'><strong>noctuis,</strong></span> <span class='ocrx_word' id='word_1_16' title='bbox 931 661 983 740; x_wconf 67' lang='lat' dir='ltr'><strong>qui</strong></span> <span class='ocrx_word' id='word_1_17' title='bbox 1002 663 1032 722; x_wconf 88' lang='lat' dir='ltr'><strong>in</strong></span> <span class='ocrx_word' id='word_1_18' title='bbox 1052 662 1144 723; x_wconf 76' lang='lat' dir='ltr'><strong>libro</strong></span> 
     </span>
     <span class='ocr_line' id='line_1_4' title="bbox 94 745 1143 826; baseline 0.001 -20"><span class='ocrx_word' id='word_1_19' title='bbox 94 765 156 806; x_wconf 92' lang='lat' dir='ltr'><strong>rum</strong></span> <span class='ocrx_word' id='word_1_20' title='bbox 173 762 290 805; x_wconf 88' lang='lat' dir='ltr'><strong>suorum</strong></span> <span class='ocrx_word' id='word_1_21' title='bbox 305 745 407 805; x_wconf 86' lang='lat' dir='ltr'><strong>¹ironte</strong></span> <span class='ocrx_word' id='word_1_22' title='bbox 424 746 461 807; x_wconf 91' lang='lat' dir='ltr'><strong>de</strong></span> <span class='ocrx_word' id='word_1_23' title='bbox 479 748 634 826; x_wconf 84' lang='lat' dir='ltr'><strong>proposito</strong></span> <span class='ocrx_word' id='word_1_24' title='bbox 648 748 714 826; x_wconf 84' lang='lat' dir='ltr'><strong>ipse</strong></span> <span class='ocrx_word' id='word_1_25' title='bbox 725 747 894 826; x_wconf 78' lang='lat' dir='ltr'><strong>praefatur,</strong></span> <span class='ocrx_word' id='word_1_26' title='bbox 913 754 973 806; x_wconf 83' lang='lat' dir='ltr'><strong>tmn</strong></span> <span class='ocrx_word' id='word_1_27' title='bbox 985 762 1040 807; x_wconf 76' lang='lat' dir='ltr'><strong>sno</strong></span> <span class='ocrx_word' id='word_1_28' title='bbox 1053 762 1143 824; x_wconf 71' lang='lat' dir='ltr'><strong>quae</strong></span> 
     </span>
     <span class='ocr_line' id='line_1_5' title="bbox 94 828 1144 909; baseline -0.001 -20"><span class='ocrx_word' id='word_1_29' title='bbox 94 848 155 907; x_wconf 83' lang='lat' dir='ltr'><strong>que</strong></span> <span class='ocrx_word' id='word_1_30' title='bbox 177 829 278 891; x_wconf 79' lang='lat' dir='ltr'>ordine</span> <span class='ocrx_word' id='word_1_31' title='bbox 299 829 442 908; x_wconf 83' lang='lat' dir='ltr'><strong>disposita</strong></span> <span class='ocrx_word' id='word_1_32' title='bbox 463 839 493 891; x_wconf 91' lang='lat' dir='ltr'><strong>et</strong></span> <span class='ocrx_word' id='word_1_33' title='bbox 514 849 569 909; x_wconf 90' lang='lat' dir='ltr'><strong>per</strong></span> <span class='ocrx_word' id='word_1_34' title='bbox 590 831 706 908; x_wconf 78' lang='lat' dir='ltr'><strong>singula</strong></span> <span class='ocrx_word' id='word_1_35' title='bbox 722 831 819 909; x_wconf 84' lang='lat' dir='ltr'><strong>capita</strong></span> <span class='ocrx_word' id='word_1_36' title='bbox 837 830 954 906; x_wconf 72' lang='lat' dir='ltr'><strong>digmtu</strong></span> <span class='ocrx_word' id='word_1_37' title='bbox 972 828 1144 907; x_wconf 81' lang='lat' dir='ltr'><strong>perscribit,</strong></span> 
     </span>
     <span class='ocr_line' id='line_1_6' title="bbox 96 911 1145 993; baseline 0.002 -22"><span class='ocrx_word' id='word_1_38' title='bbox 96 930 166 972; x_wconf 87' lang='lat' dir='ltr'><strong>cura</strong></span> <span class='ocrx_word' id='word_1_39' title='bbox 193 922 222 972; x_wconf 88' lang='lat' dir='ltr'><strong>et</strong></span> <span class='ocrx_word' id='word_1_40' title='bbox 249 913 373 973; x_wconf 84' lang='lat' dir='ltr'><strong>consilio</strong></span> <span class='ocrx_word' id='word_1_41' title='bbox 399 931 455 991; x_wconf 88' lang='lat' dir='ltr'><strong>per</strong></span> <span class='ocrx_word' id='word_1_42' title='bbox 481 932 516 973; x_wconf 87' lang='lat' dir='ltr'><strong>sc</strong></span> <span class='ocrx_word' id='word_1_43' title='bbox 545 916 751 991; x_wconf 67' lang='lat' dir='ltr'><strong>cognoscitur,</strong></span> <span class='ocrx_word' id='word_1_44' title='bbox 776 930 870 993; x_wconf 87' lang='lat' dir='ltr'><strong>pauca</strong></span> <span class='ocrx_word' id='word_1_45' title='bbox 890 911 962 975; x_wconf 85' lang='lat' dir='ltr'><strong>mibi</strong></span> <span class='ocrx_word' id='word_1_46' title='bbox 991 913 1031 973; x_wconf 87' lang='lat' dir='ltr'><strong>de</strong></span> <span class='ocrx_word' id='word_1_47' title='bbox 1053 930 1145 973; x_wconf 72' lang='lat' dir='ltr'><strong>musa</strong></span> 
     </span>
     <span class='ocr_line' id='line_1_7' title="bbox 93 994 1145 1075; baseline 0.001 -19"><span class='ocrx_word' id='word_1_48' title='bbox 93 997 196 1056; x_wconf 84' lang='lat' dir='ltr'><strong>critice</strong></span> <span class='ocrx_word' id='word_1_49' title='bbox 211 1014 404 1074; x_wconf 86' lang='lat' dir='ltr'><strong>praemonere</strong></span> <span class='ocrx_word' id='word_1_50' title='bbox 418 996 518 1074; x_wconf 73' lang='lat' dir='ltr'><strong>liceat.</strong></span> <span class='ocrx_word' id='word_1_51' title='bbox 561 996 702 1058; x_wconf 84' lang='lat' dir='ltr'><strong>Nimirum</strong></span> <span class='ocrx_word' id='word_1_52' title='bbox 717 998 886 1075; x_wconf 80' lang='lat' dir='ltr'><strong>quaerenti,</strong></span> <span class='ocrx_word' id='word_1_53' title='bbox 909 996 958 1074; x_wconf 80' lang='lat' dir='ltr'><strong>qui</strong></span> <span class='ocrx_word' id='word_1_54' title='bbox 977 994 1045 1059; x_wconf 83' lang='lat' dir='ltr'><strong>iibri</strong></span> <span class='ocrx_word' id='word_1_55' title='bbox 1058 1014 1145 1057; x_wconf 83' lang='lat' dir='ltr'><strong>mauu</strong></span> 
     </span>
     <span class='ocr_line' id='line_1_8' title="bbox 93 1078 1145 1162; baseline 0.004 -25"><span class='ocrx_word' id='word_1_56' title='bbox 93 1080 197 1157; x_wconf 88' lang='lat' dir='ltr'><strong>scripti</strong></span> <span class='ocrx_word' id='word_1_57' title='bbox 220 1081 342 1140; x_wconf 88' lang='lat' dir='ltr'><strong>studium</strong></span> <span class='ocrx_word' id='word_1_58' title='bbox 368 1098 464 1141; x_wconf 84' lang='lat' dir='ltr'><strong>meum</strong></span> <span class='ocrx_word' id='word_1_59' title='bbox 492 1096 673 1162; x_wconf 73' lang='lat' dir='ltr'><strong>operamque</strong></span> <span class='ocrx_word' id='word_1_60' title='bbox 700 1081 880 1157; x_wconf 84' lang='lat' dir='ltr'><strong>adiuveriut,</strong></span> <span class='ocrx_word' id='word_1_61' title='bbox 906 1078 1145 1158; x_wconf 82' lang='lat' dir='ltr'><strong>respondendum</strong></span> 
     </span>
     <span class='ocr_line' id='line_1_9' title="bbox 94 1162 1143 1242; baseline 0.002 -21"><span class='ocrx_word' id='word_1_62' title='bbox 94 1163 195 1239; x_wconf 85' lang='lat' dir='ltr'><strong>utique</strong></span> <span class='ocrx_word' id='word_1_63' title='bbox 213 1162 281 1223; x_wconf 92' lang='lat' dir='ltr'><strong>mihi</strong></span> <span class='ocrx_word' id='word_1_64' title='bbox 299 1172 361 1239; x_wconf 87' lang='lat' dir='ltr'><strong>est,</strong></span> <span class='ocrx_word' id='word_1_65' title='bbox 381 1180 440 1223; x_wconf 90' lang='lat' dir='ltr'><strong>non</strong></span> <span class='ocrx_word' id='word_1_66' title='bbox 460 1180 537 1225; x_wconf 88' lang='lat' dir='ltr'><strong>nova</strong></span> <span class='ocrx_word' id='word_1_67' title='bbox 558 1165 705 1242; x_wconf 83' lang='lat' dir='ltr'><strong>praesidia</strong></span> <span class='ocrx_word' id='word_1_68' title='bbox 726 1182 773 1225; x_wconf 87' lang='lat' dir='ltr'><strong>mc</strong></span> <span class='ocrx_word' id='word_1_69' title='bbox 789 1166 820 1226; x_wconf 84' lang='lat' dir='ltr'><strong>iu</strong></span> <span class='ocrx_word' id='word_1_70' title='bbox 841 1171 978 1242; x_wconf 81' lang='lat' dir='ltr'><strong>promptu</strong></span> <span class='ocrx_word' id='word_1_71' title='bbox 992 1162 1143 1237; x_wconf 75' lang='lat' dir='ltr'><strong>minure,</strong></span> 
     </span>
     <span class='ocr_line' id='line_1_10' title="bbox 90 1245 1145 1327; baseline 0.004 -22"><span class='ocrx_word' id='word_1_72' title='bbox 90 1245 191 1305; x_wconf 83' lang='lat' dir='ltr'><strong>sedin</strong></span> <span class='ocrx_word' id='word_1_73' title='bbox 207 1248 465 1321; x_wconf 85' lang='lat' dir='ltr'><strong>strategematicon</strong></span> <span class='ocrx_word' id='word_1_74' title='bbox 485 1247 568 1308; x_wconf 85' lang='lat' dir='ltr'><strong>libris</strong></span> <span class='ocrx_word' id='word_1_75' title='bbox 585 1249 738 1327; x_wconf 82' lang='lat' dir='ltr'><strong>copiosum</strong></span> <span class='ocrx_word' id='word_1_76' title='bbox 752 1246 954 1325; x_wconf 87' lang='lat' dir='ltr'><strong>Oudendorpii</strong></span> <span class='ocrx_word' id='word_1_77' title='bbox 974 1255 1145 1326; x_wconf 76' lang='lat' dir='ltr'><strong>apparatum</strong></span> 
     </span>
     <span class='ocr_line' id='line_1_11' title="bbox 92 1328 1145 1404; baseline 0.005 -17"><span class='ocrx_word' id='word_1_78' title='bbox 92 1328 246 1401; x_wconf 83' lang='lat' dir='ltr'><strong>criticum,</strong></span> <span class='ocrx_word' id='word_1_79' title='bbox 281 1329 311 1385; x_wconf 89' lang='lat' dir='ltr'><strong>in</strong></span> <span class='ocrx_word' id='word_1_80' title='bbox 334 1330 583 1404; x_wconf 85' lang='lat' dir='ltr'><strong>praestantissima</strong></span> <span class='ocrx_word' id='word_1_81' title='bbox 608 1330 694 1389; x_wconf 79' lang='lat' dir='ltr'><strong>huius</strong></span> <span class='ocrx_word' id='word_1_82' title='bbox 718 1328 906 1390; x_wconf 74' lang='lat' dir='ltr'><strong>celeberrimi</strong></span> <span class='ocrx_word' id='word_1_83' title='bbox 936 1331 991 1389; x_wconf 80' lang='lat' dir='ltr'><strong>tiri</strong></span> <span class='ocrx_word' id='word_1_84' title='bbox 1016 1330 1145 1392; x_wconf 70' lang='lat' dir='ltr'><strong>meiere</strong></span> 
     </span>
     <span class='ocr_line' id='line_1_12' title="bbox 93 1408 1147 1487; baseline -0.001 -17"><span class='ocrx_word' id='word_1_85' title='bbox 93 1408 264 1487; x_wconf 86' lang='lat' dir='ltr'><strong>depositum</strong></span> <span class='ocrx_word' id='word_1_86' title='bbox 272 1413 285 1484; x_wconf 88' lang='lat'><strong>,&#39;</strong></span> <span class='ocrx_word' id='word_1_87' title='bbox 313 1409 410 1469; x_wconf 89' lang='lat' dir='ltr'><strong>denuo</strong></span> <span class='ocrx_word' id='word_1_88' title='bbox 443 1409 599 1485; x_wconf 79' lang='lat' dir='ltr'><strong>diiigenter</strong></span> <span class='ocrx_word' id='word_1_89' title='bbox 627 1411 815 1485; x_wconf 73' lang='lat' dir='ltr'><strong>euomuisse,</strong></span> <span class='ocrx_word' id='word_1_90' title='bbox 847 1412 877 1470; x_wconf 90' lang='lat' dir='ltr'><strong>in</strong></span> <span class='ocrx_word' id='word_1_91' title='bbox 896 1428 990 1487; x_wconf 75' lang='lat' dir='ltr'><strong>aquae</strong></span> <span class='ocrx_word' id='word_1_92' title='bbox 1011 1412 1147 1474; x_wconf 88' lang='lat' dir='ltr'><strong>ductuum</strong></span> 
     </span>
     <span class='ocr_line' id='line_1_13' title="bbox 92 1492 1146 1575; baseline 0.001 -22"><span class='ocrx_word' id='word_1_93' title='bbox 92 1502 192 1553; x_wconf 88' lang='lat' dir='ltr'><strong>autem</strong></span> <span class='ocrx_word' id='word_1_94' title='bbox 214 1492 291 1551; x_wconf 90' lang='lat' dir='ltr'><strong>libro</strong></span> <span class='ocrx_word' id='word_1_95' title='bbox 310 1510 358 1554; x_wconf 86' lang='lat' dir='ltr'><strong>me</strong></span> <span class='ocrx_word' id='word_1_96' title='bbox 376 1493 489 1553; x_wconf 86' lang='lat' dir='ltr'><strong>fructus</strong></span> <span class='ocrx_word' id='word_1_97' title='bbox 510 1510 595 1553; x_wconf 82' lang='lat' dir='ltr'><strong>meae</strong></span> <span class='ocrx_word' id='word_1_98' title='bbox 616 1494 709 1571; x_wconf 85' lang='lat' dir='ltr'><strong>ipsius</strong></span> <span class='ocrx_word' id='word_1_99' title='bbox 738 1509 850 1571; x_wconf 79' lang='lat' dir='ltr'><strong>operae</strong></span> <span class='ocrx_word' id='word_1_100' title='bbox 869 1501 938 1575; x_wconf 79' lang='lat' dir='ltr'><strong>unte</strong></span> <span class='ocrx_word' id='word_1_101' title='bbox 963 1493 1067 1573; x_wconf 72' lang='lat' dir='ltr'><strong>plures</strong></span> <span class='ocrx_word' id='word_1_102' title='bbox 1096 1510 1146 1555; x_wconf 82' lang='lat' dir='ltr'><strong>en·</strong></span> 
     </span>
     <span class='ocr_line' id='line_1_14' title="bbox 92 1574 1148 1655; baseline 0.004 -20"><span class='ocrx_word' id='word_1_103' title='bbox 92 1594 149 1635; x_wconf 84' lang='lat' dir='ltr'><strong>nos</strong></span> <span class='ocrx_word' id='word_1_104' title='bbox 173 1576 323 1653; x_wconf 79' lang='lat' dir='ltr'><strong>impetere</strong></span> <span class='ocrx_word' id='word_1_105' title='bbox 347 1584 377 1635; x_wconf 91' lang='lat' dir='ltr'><strong>ct</strong></span> <span class='ocrx_word' id='word_1_106' title='bbox 397 1576 469 1636; x_wconf 89' lang='lat' dir='ltr'><strong>iuris</strong></span> <span class='ocrx_word' id='word_1_107' title='bbox 499 1575 611 1653; x_wconf 81' lang='lat' dir='ltr'><strong>publici</strong></span> <span class='ocrx_word' id='word_1_108' title='bbox 633 1576 733 1637; x_wconf 86' lang='lat' dir='ltr'><strong>iactae</strong></span> <span class='ocrx_word' id='word_1_109' title='bbox 750 1576 960 1654; x_wconf 74' lang='lat' dir='ltr'><strong>recollegisse.</strong></span> <span class='ocrx_word' id='word_1_110' title='bbox 1001 1574 1100 1655; x_wconf 72' lang='lat' dir='ltr'><strong>Atque</strong></span> <span class='ocrx_word' id='word_1_111' title='bbox 1118 1578 1148 1639; x_wconf 85' lang='lat' dir='ltr'><strong>in</strong></span> 
     </span>
     <span class='ocr_line' id='line_1_15' title="bbox 94 1658 1145 1738; baseline 0.002 -19"><span class='ocrx_word' id='word_1_112' title='bbox 94 1668 217 1737; x_wconf 79' lang='lat' dir='ltr'><strong>utraque</strong></span> <span class='ocrx_word' id='word_1_113' title='bbox 240 1667 324 1737; x_wconf 88' lang='lat' dir='ltr'><strong>parte</strong></span> <span class='ocrx_word' id='word_1_114' title='bbox 353 1658 424 1737; x_wconf 84' lang='lat' dir='ltr'><strong>quid</strong></span> <span class='ocrx_word' id='word_1_115' title='bbox 445 1660 658 1737; x_wconf 78' lang='lat' dir='ltr'><strong>praestiterim,</strong></span> <span class='ocrx_word' id='word_1_116' title='bbox 683 1662 815 1738; x_wconf 81' lang='lat' dir='ltr'><strong>quamvis</strong></span> <span class='ocrx_word' id='word_1_117' title='bbox 832 1661 936 1723; x_wconf 71' lang='lat' dir='ltr'><strong>intenti</strong></span> <span class='ocrx_word' id='word_1_118' title='bbox 956 1660 1079 1721; x_wconf 85' lang='lat' dir='ltr'><strong>lectoris</strong></span> <span class='ocrx_word' id='word_1_119' title='bbox 1102 1661 1145 1721; x_wconf 90' lang='lat' dir='ltr'><strong>iu·</strong></span> 
     </span>
     <span class='ocr_line' id='line_1_16' title="bbox 90 1742 1147 1821; baseline 0.002 -19"><span class='ocrx_word' id='word_1_120' title='bbox 90 1742 199 1802; x_wconf 80' lang='lat' dir='ltr'><strong>dicium</strong></span> <span class='ocrx_word' id='word_1_121' title='bbox 220 1758 278 1803; x_wconf 88' lang='lat' dir='ltr'><strong>non</strong></span> <span class='ocrx_word' id='word_1_122' title='bbox 298 1742 434 1821; x_wconf 77' lang='lat' dir='ltr'><strong>effugiat,</strong></span> <span class='ocrx_word' id='word_1_123' title='bbox 456 1751 567 1819; x_wconf 87' lang='lat' dir='ltr'><strong>tamen,</strong></span> <span class='ocrx_word' id='word_1_124' title='bbox 590 1754 621 1804; x_wconf 87' lang='lat' dir='ltr'><strong>et</strong></span> <span class='ocrx_word' id='word_1_125' title='bbox 634 1762 691 1805; x_wconf 89' lang='lat' dir='ltr'><strong>usu</strong></span> <span class='ocrx_word' id='word_1_126' title='bbox 711 1744 879 1807; x_wconf 76' lang='lat' dir='ltr'><strong>admittente</strong></span> <span class='ocrx_word' id='word_1_127' title='bbox 900 1752 932 1806; x_wconf 91' lang='lat' dir='ltr'><strong>et</strong></span> <span class='ocrx_word' id='word_1_128' title='bbox 953 1745 1068 1807; x_wconf 86' lang='lat' dir='ltr'><strong>ratione</strong></span> <span class='ocrx_word' id='word_1_129' title='bbox 1087 1760 1147 1805; x_wconf 88' lang='lat' dir='ltr'><strong>uon</strong></span> 
     </span>
     <span class='ocr_line' id='line_1_17' title="bbox 93 1826 1146 1906; baseline 0.003 -21"><span class='ocrx_word' id='word_1_130' title='bbox 93 1826 278 1902; x_wconf 82' lang='lat' dir='ltr'><strong>refragante,</strong></span> <span class='ocrx_word' id='word_1_131' title='bbox 309 1828 482 1903; x_wconf 86' lang='lat' dir='ltr'><strong>praesertim</strong></span> <span class='ocrx_word' id='word_1_132' title='bbox 509 1827 538 1885; x_wconf 92' lang='lat' dir='ltr'><strong>in</strong></span> <span class='ocrx_word' id='word_1_133' title='bbox 560 1830 819 1904; x_wconf 86' lang='lat' dir='ltr'><strong>strategematicon</strong></span> <span class='ocrx_word' id='word_1_134' title='bbox 846 1826 929 1892; x_wconf 76' lang='lat' dir='ltr'><strong>tibris</strong></span> <span class='ocrx_word' id='word_1_135' title='bbox 955 1846 1033 1906; x_wconf 72' lang='lat' dir='ltr'><strong>quae</strong></span> <span class='ocrx_word' id='word_1_136' title='bbox 1059 1843 1146 1891; x_wconf 71' lang='lat' dir='ltr'><strong>ome</strong></span> 
     </span>
     <span class='ocr_line' id='line_1_18' title="bbox 96 1910 1145 1990; baseline 0.001 -21"><span class='ocrx_word' id='word_1_137' title='bbox 96 1910 153 1982; x_wconf 85' lang='lat' dir='ltr'><strong>sint</strong></span> <span class='ocrx_word' id='word_1_138' title='bbox 174 1917 223 1971; x_wconf 87' lang='lat' dir='ltr'><strong>aut</strong></span> <span class='ocrx_word' id='word_1_139' title='bbox 244 1911 378 1969; x_wconf 87' lang='lat' dir='ltr'><strong>restituta</strong></span> <span class='ocrx_word' id='word_1_140' title='bbox 403 1918 451 1969; x_wconf 89' lang='lat' dir='ltr'><strong>aut</strong></span> <span class='ocrx_word' id='word_1_141' title='bbox 475 1911 639 1986; x_wconf 87' lang='lat' dir='ltr'><strong>emendata,</strong></span> <span class='ocrx_word' id='word_1_142' title='bbox 662 1919 693 1972; x_wconf 90' lang='lat' dir='ltr'><strong>ut</strong></span> <span class='ocrx_word' id='word_1_143' title='bbox 717 1912 801 1973; x_wconf 76' lang='lat' dir='ltr'><strong>nnat</strong></span> <span class='ocrx_word' id='word_1_144' title='bbox 823 1911 952 1990; x_wconf 76' lang='lat' dir='ltr'><strong>exempti</strong></span> <span class='ocrx_word' id='word_1_145' title='bbox 974 1910 1145 1974; x_wconf 81' lang='lat' dir='ltr'><strong>Oudendor-</strong></span> 
     </span>
     <span class='ocr_line' id='line_1_19' title="bbox 38 1992 1144 2073; baseline 0.004 -21"><span class='ocrx_word' id='word_1_146' title='bbox 38 2020 40 2025; x_wconf 89' lang='lat'><em>·</em></span> <span class='ocrx_word' id='word_1_147' title='bbox 95 1992 173 2070; x_wconf 81' lang='lat' dir='ltr'><strong>pieni</strong></span> <span class='ocrx_word' id='word_1_148' title='bbox 203 1993 420 2069; x_wconf 82' lang='lat' dir='ltr'><strong>discrepantiae</strong></span> <span class='ocrx_word' id='word_1_149' title='bbox 444 1994 473 2051; x_wconf 92' lang='lat' dir='ltr'><strong>in</strong></span> <span class='ocrx_word' id='word_1_150' title='bbox 506 2002 697 2071; x_wconf 85' lang='lat' dir='ltr'><strong>conspectum</strong></span> <span class='ocrx_word' id='word_1_151' title='bbox 736 1995 856 2067; x_wconf 78' lang='lat' dir='ltr'><strong>cadam,</strong></span> <span class='ocrx_word' id='word_1_152' title='bbox 893 1996 1047 2073; x_wconf 85' lang='lat' dir='ltr'><strong>praecipui</strong></span> <span class='ocrx_word' id='word_1_153' title='bbox 1082 2010 1144 2056; x_wconf 84' lang='lat' dir='ltr'><strong>mo·</strong></span> 
     </span>
     <span class='ocr_line' id='line_1_20' title="bbox 97 2073 951 2141; baseline 0.004 -7"><span class='ocrx_word' id='word_1_154' title='bbox 97 2077 184 2135; x_wconf 90' lang='lat' dir='ltr'><strong>menti</strong></span> <span class='ocrx_word' id='word_1_155' title='bbox 202 2094 251 2135; x_wconf 85' lang='lat' dir='ltr'><strong>res</strong></span> <span class='ocrx_word' id='word_1_156' title='bbox 272 2083 460 2137; x_wconf 86' lang='lat' dir='ltr'><strong>consectatus</strong></span> <span class='ocrx_word' id='word_1_157' title='bbox 480 2073 564 2135; x_wconf 85' lang='lat' dir='ltr'><strong>brevi</strong></span> <span class='ocrx_word' id='word_1_158' title='bbox 582 2076 770 2138; x_wconf 83' lang='lat' dir='ltr'><strong>adnotatione</strong></span> <span class='ocrx_word' id='word_1_159' title='bbox 789 2076 951 2141; x_wconf 78' lang='lat' dir='ltr'><strong>sublicium.</strong></span> 
     </span>
    </p>
   </div>
   <div class='ocr_carea' id='block_1_3' title="bbox 91 2227 1151 2889">
    <p class='ocr_par' dir='ltr' id='par_1_3' title="bbox 91 2227 1151 2889">
     <span class='ocr_line' id='line_1_21' title="bbox 180 2227 1149 2303; baseline -0.002 -16"><span class='ocrx_word' id='word_1_160' title='bbox 180 2232 300 2289; x_wconf 87' lang='lat' dir='ltr'><strong>Praeiat.</strong></span> <span class='ocrx_word' id='word_1_161' title='bbox 331 2228 508 2299; x_wconf 70' lang='lat' dir='ltr'><strong>diducimus)</strong></span> <span class='ocrx_word' id='word_1_162' title='bbox 523 2228 705 2285; x_wconf 88' lang='lat' dir='ltr'><strong>scribendum</strong></span> <span class='ocrx_word' id='word_1_163' title='bbox 720 2245 736 2283; x_wconf 90' lang='lat' dir='ltr'><strong>e</strong></span> <span class='ocrx_word' id='word_1_164' title='bbox 752 2227 817 2285; x_wconf 76' lang='lat' dir='ltr'><strong>eod</strong></span> <span class='ocrx_word' id='word_1_165' title='bbox 832 2227 937 2285; x_wconf 83' lang='lat' dir='ltr'><strong>Medic·</strong></span> <span class='ocrx_word' id='word_1_166' title='bbox 950 2228 1081 2300; x_wconf 77' lang='lat' dir='ltr'><strong>vestigiis</strong></span> <span class='ocrx_word' id='word_1_167' title='bbox 1096 2245 1149 2303; x_wconf 91' lang='lat' dir='ltr'><strong>pu-</strong></span> 
     </span>
     <span class='ocr_line' id='line_1_22' title="bbox 95 2306 1148 2393; baseline -0.003 -23"><span class='ocrx_word' id='word_1_168' title='bbox 95 2317 208 2385; x_wconf 84' lang='lat' dir='ltr'><strong>tabam,</strong></span> <span class='ocrx_word' id='word_1_169' title='bbox 225 2332 277 2387; x_wconf 89' lang='lat' dir='ltr'><strong>pro</strong></span> <span class='ocrx_word' id='word_1_170' title='bbox 292 2314 456 2372; x_wconf 78' lang='lat' dir='ltr'><strong>diducimus.</strong></span> <span class='ocrx_word' id='word_1_171' title='bbox 485 2306 499 2393; x_wconf 76' lang='lat' dir='ltr'><strong>ll</strong></span> <span class='ocrx_word' id='word_1_172' title='bbox 530 2312 663 2369; x_wconf 85' lang='lat' dir='ltr'><strong>Utmultu</strong></span> <span class='ocrx_word' id='word_1_173' title='bbox 680 2312 844 2381; x_wconf 62' lang='lat' dir='ltr'><strong>owen)</strong></span> <span class='ocrx_word' id='word_1_174' title='bbox 863 2316 896 2367; x_wconf 79' lang='lat' dir='ltr'><strong>ut</strong></span> <span class='ocrx_word' id='word_1_175' title='bbox 911 2317 955 2367; x_wconf 88' lang='lat' dir='ltr'><strong>est</strong></span> <span class='ocrx_word' id='word_1_176' title='bbox 973 2311 1003 2365; x_wconf 90' lang='lat' dir='ltr'><strong>in</strong></span> <span class='ocrx_word' id='word_1_177' title='bbox 1018 2312 1148 2383; x_wconf 79' lang='lat' dir='ltr'><strong>plurimis</strong></span> 
     </span>
     <span class='ocr_line' id='line_1_23' title="bbox 93 2394 1151 2469; baseline 0.001 -16"><span class='ocrx_word' id='word_1_178' title='bbox 93 2398 190 2467; x_wconf 74' lang='lat' dir='ltr'><strong>libne,</strong></span> <span class='ocrx_word' id='word_1_179' title='bbox 215 2400 365 2453; x_wconf 80' lang='lat' dir='ltr'><strong>transirem</strong></span> <span class='ocrx_word' id='word_1_180' title='bbox 380 2399 410 2453; x_wconf 88' lang='lat' dir='ltr'><strong>in</strong></span> <span class='ocrx_word' id='word_1_181' title='bbox 429 2398 509 2453; x_wconf 89' lang='lat' dir='ltr'><strong>Leid.</strong></span> <span class='ocrx_word' id='word_1_182' title='bbox 523 2414 567 2469; x_wconf 89' lang='lat' dir='ltr'><strong>pr.</strong></span> <span class='ocrx_word' id='word_1_183' title='bbox 596 2398 708 2469; x_wconf 80' lang='lat' dir='ltr'><strong>Vulgo:</strong></span> <span class='ocrx_word' id='word_1_184' title='bbox 737 2397 916 2455; x_wconf 68' lang='lat' dir='ltr'><strong>dammulae</strong></span> <span class='ocrx_word' id='word_1_185' title='bbox 938 2397 1063 2454; x_wconf 65' lang='lat' dir='ltr'><strong>tritum</strong></span> <span class='ocrx_word' id='word_1_186' title='bbox 1082 2394 1151 2454; x_wconf 77' lang='lat' dir='ltr'><strong>miti</strong></span> 
     </span>
     <span class='ocr_line' id='line_1_24' title="bbox 91 2474 1146 2560; baseline 0.001 -24"><span class='ocrx_word' id='word_1_187' title='bbox 91 2485 156 2554; x_wconf 62' lang='lat' dir='ltr'><strong>,ipim</strong></span> <span class='ocrx_word' id='word_1_188' title='bbox 161 2480 288 2553; x_wconf 87' lang='lat' dir='ltr'><strong>permisi.</strong></span> <span class='ocrx_word' id='word_1_189' title='bbox 319 2474 333 2560; x_wconf 83' lang='grc' dir='ltr'><strong>ΙΙ</strong></span> <span class='ocrx_word' id='word_1_190' title='bbox 356 2481 407 2539; x_wconf 77' lang='lat' dir='ltr'><strong>sub</strong></span> <span class='ocrx_word' id='word_1_191' title='bbox 418 2496 472 2538; x_wconf 83' lang='lat' dir='ltr'><strong>suu</strong></span> <span class='ocrx_word' id='word_1_192' title='bbox 493 2482 632 2555; x_wconf 83' lang='lat' dir='ltr'><strong>quaeque)</strong></span> <span class='ocrx_word' id='word_1_193' title='bbox 653 2482 729 2539; x_wconf 88' lang='lat' dir='ltr'><strong>Libri</strong></span> <span class='ocrx_word' id='word_1_194' title='bbox 741 2482 856 2553; x_wconf 90' lang='lat' dir='ltr'><strong>plurimi</strong></span> <span class='ocrx_word' id='word_1_195' title='bbox 870 2479 924 2539; x_wconf 78' lang='lat' dir='ltr'><strong>sub</strong></span> <span class='ocrx_word' id='word_1_196' title='bbox 937 2495 1059 2555; x_wconf 62' lang='lat' dir='ltr'><strong>meaque,</strong></span> <span class='ocrx_word' id='word_1_197' title='bbox 1076 2496 1146 2537; x_wconf 91' lang='lat' dir='ltr'><strong>non·</strong></span> 
     </span>
     <span class='ocr_line' id='line_1_25' title="bbox 95 2558 1147 2646; baseline 0 -25"><span class='ocrx_word' id='word_1_198' title='bbox 95 2567 164 2621; x_wconf 92' lang='lat' dir='ltr'><strong>nulli</strong></span> <span class='ocrx_word' id='word_1_199' title='bbox 178 2566 231 2621; x_wconf 83' lang='lat' dir='ltr'><strong>sub</strong></span> <span class='ocrx_word' id='word_1_200' title='bbox 240 2579 427 2639; x_wconf 73' lang='lat' dir='ltr'><strong>quacumque.</strong></span> <span class='ocrx_word' id='word_1_201' title='bbox 457 2565 801 2640; x_wconf 58' lang='lat' dir='ltr'><strong>Veientanumque.</strong></span> <span class='ocrx_word' id='word_1_202' title='bbox 826 2558 841 2646; x_wconf 78' lang='grc' dir='ltr'><strong>ΙΙ</strong></span> <span class='ocrx_word' id='word_1_203' title='bbox 866 2566 942 2623; x_wconf 80' lang='lat' dir='ltr'><strong>uam</strong></span> <span class='ocrx_word' id='word_1_204' title='bbox 961 2581 1026 2621; x_wconf 86' lang='lat' dir='ltr'><strong>cum</strong></span> <span class='ocrx_word' id='word_1_205' title='bbox 1039 2566 1147 2635; x_wconf 77' lang='lat' dir='ltr'><strong>omnm)</strong></span> 
     </span>
     <span class='ocr_line' id='line_1_26' title="bbox 94 2648 1148 2723; baseline -0.002 -18"><span class='ocrx_word' id='word_1_206' title='bbox 94 2652 135 2705; x_wconf 87' lang='lat' dir='ltr'><strong>ita</strong></span> <span class='ocrx_word' id='word_1_207' title='bbox 155 2665 191 2704; x_wconf 80' lang='lat' dir='ltr'><strong>ex</strong></span> <span class='ocrx_word' id='word_1_208' title='bbox 202 2648 288 2705; x_wconf 87' lang='lat' dir='ltr'><strong>codd.</strong></span> <span class='ocrx_word' id='word_1_209' title='bbox 301 2649 430 2707; x_wconf 86' lang='lat' dir='ltr'><strong>omnibus</strong></span> <span class='ocrx_word' id='word_1_210' title='bbox 442 2650 565 2714; x_wconf 78' lang='lat' dir='ltr'><strong>restitui3</strong></span> <span class='ocrx_word' id='word_1_211' title='bbox 583 2648 654 2705; x_wconf 89' lang='lat' dir='ltr'><strong>iilud</strong></span> <span class='ocrx_word' id='word_1_212' title='bbox 668 2656 733 2720; x_wconf 78' lang='lat' dir='ltr'><strong>nem,</strong></span> <span class='ocrx_word' id='word_1_213' title='bbox 748 2649 825 2723; x_wconf 87' lang='lat' dir='ltr'><strong>quod</strong></span> <span class='ocrx_word' id='word_1_214' title='bbox 838 2651 970 2723; x_wconf 75' lang='lat' dir='ltr'><strong>vulgetur</strong></span> <span class='ocrx_word' id='word_1_215' title='bbox 982 2653 1048 2705; x_wconf 88' lang='lat' dir='ltr'><strong>ante</strong></span> <span class='ocrx_word' id='word_1_216' title='bbox 1059 2650 1148 2705; x_wconf 83' lang='lat' dir='ltr'><strong>verbs</strong></span> 
     </span>
     <span class='ocr_line' id='line_1_27' title="bbox 92 2724 1147 2811; baseline -0.004 -22"><span class='ocrx_word' id='word_1_217' title='bbox 92 2736 121 2789; x_wconf 82' lang='lat' dir='ltr'><strong>ei</strong></span> <span class='ocrx_word' id='word_1_218' title='bbox 138 2734 168 2789; x_wconf 85' lang='lat' dir='ltr'><strong>iu</strong></span> <span class='ocrx_word' id='word_1_219' title='bbox 181 2735 280 2805; x_wconf 81' lang='lat' dir='ltr'><strong>specie,</strong></span> <span class='ocrx_word' id='word_1_220' title='bbox 296 2733 378 2791; x_wconf 86' lang='lat' dir='ltr'><strong>eieci.</strong></span> <span class='ocrx_word' id='word_1_221' title='bbox 409 2724 424 2811; x_wconf 82' lang='grc' dir='ltr'><strong>ΙΙ</strong></span> <span class='ocrx_word' id='word_1_222' title='bbox 454 2733 526 2789; x_wconf 80' lang='lat' dir='ltr'><strong>boeti</strong></span> <span class='ocrx_word' id='word_1_223' title='bbox 538 2734 659 2801; x_wconf 72' lang='lat' dir='ltr'><strong>maereo)</strong></span> <span class='ocrx_word' id='word_1_224' title='bbox 675 2734 752 2791; x_wconf 86' lang='lat' dir='ltr'><strong>Libri</strong></span> <span class='ocrx_word' id='word_1_225' title='bbox 766 2734 884 2808; x_wconf 18' lang='lat' dir='ltr'><strong>ripaue.</strong></span> <span class='ocrx_word' id='word_1_226' title='bbox 916 2732 999 2792; x_wconf 80' lang='lat' dir='ltr'><strong>Hosti</strong></span> <span class='ocrx_word' id='word_1_227' title='bbox 1017 2732 1037 2787; x_wconf 88' lang='lat' dir='ltr'><strong>i.</strong></span> <span class='ocrx_word' id='word_1_228' title='bbox 1062 2748 1089 2787; x_wconf 88' lang='lat' dir='ltr'><strong>e.</strong></span> <span class='ocrx_word' id='word_1_229' title='bbox 1110 2731 1147 2785; x_wconf 86' lang='lat' dir='ltr'><strong>nb</strong></span> 
     </span>
     <span class='ocr_line' id='line_1_28' title="bbox 93 2814 1147 2889; baseline -0.004 -16"><span class='ocrx_word' id='word_1_230' title='bbox 93 2815 188 2873; x_wconf 85' lang='lat' dir='ltr'><strong>hoste.</strong></span> <span class='ocrx_word' id='word_1_231' title='bbox 217 2817 240 2873; x_wconf 92' lang='grc' dir='ltr'><strong>Ι.</strong></span> <span class='ocrx_word' id='word_1_232' title='bbox 256 2824 281 2889; x_wconf 84' lang='grc'><strong>1,</strong></span> <span class='ocrx_word' id='word_1_233' title='bbox 297 2822 328 2877; x_wconf 80' lang='lat' dir='ltr'><strong>i:</strong></span> <span class='ocrx_word' id='word_1_234' title='bbox 347 2816 492 2889; x_wconf 80' lang='lat' dir='ltr'><strong>adplicitoe</strong></span> <span class='ocrx_word' id='word_1_235' title='bbox 510 2816 678 2871; x_wconf 81' lang='lat' dir='ltr'><strong>booticaiioe</strong></span> <span class='ocrx_word' id='word_1_236' title='bbox 703 2818 722 2871; x_wconf 91' lang='lat' dir='ltr'><strong>i.</strong></span> <span class='ocrx_word' id='word_1_237' title='bbox 740 2833 766 2873; x_wconf 87' lang='lat' dir='ltr'><strong>e.</strong></span> <span class='ocrx_word' id='word_1_238' title='bbox 782 2819 817 2874; x_wconf 85' lang='lat' dir='ltr'><strong>ab</strong></span> <span class='ocrx_word' id='word_1_239' title='bbox 832 2816 926 2875; x_wconf 81' lang='lat' dir='ltr'><strong>hoste.</strong></span> <span class='ocrx_word' id='word_1_240' title='bbox 951 2814 1043 2871; x_wconf 79' lang='lat' dir='ltr'><strong>uuam</strong></span> <span class='ocrx_word' id='word_1_241' title='bbox 1061 2814 1097 2869; x_wconf 88' lang='lat'><strong>11.</strong></span> <span class='ocrx_word' id='word_1_242' title='bbox 1121 2817 1147 2880; x_wconf 81' lang='lat'><strong>5,</strong></span> 
     </span>
    </p>
   </div>
   <div class='ocr_carea' id='block_1_4' title="bbox 92 2896 1150 3547">
    <p class='ocr_par' dir='ltr' id='par_1_4' title="bbox 95 2896 705 2969">
     <span class='ocr_line' id='line_1_29' title="bbox 95 2896 705 2969; baseline -0.015 -10"><span class='ocrx_word' id='word_1_243' title='bbox 95 2905 131 2959; x_wconf 77' lang='lat'><strong>32</strong></span> <span class='ocrx_word' id='word_1_244' title='bbox 145 2901 206 2957; x_wconf 85' lang='lat' dir='ltr'><strong>loca</strong></span> <span class='ocrx_word' id='word_1_245' title='bbox 227 2903 335 2959; x_wconf 75' lang='lat' dir='ltr'><strong>interea</strong></span> <span class='ocrx_word' id='word_1_246' title='bbox 347 2898 533 2969; x_wconf 86' lang='lat' dir='ltr'><strong>corrumpitur</strong></span> <span class='ocrx_word' id='word_1_247' title='bbox 547 2898 576 2951; x_wconf 91' lang='lat' dir='ltr'><strong>in</strong></span> <span class='ocrx_word' id='word_1_248' title='bbox 591 2896 705 2968; x_wconf 76' lang='lat' dir='ltr'><strong>infeste.</strong></span> 
     </span>
    </p>

    <p class='ocr_par' dir='ltr' id='par_1_5' title="bbox 92 2972 1150 3475">
     <span class='ocr_line' id='line_1_30' title="bbox 181 2972 1148 3057; baseline -0.01 -19"><span class='ocrx_word' id='word_1_249' title='bbox 181 2984 241 3045; x_wconf 88' lang='lat' dir='ltr'><strong>Lib,</strong></span> <span class='ocrx_word' id='word_1_250' title='bbox 259 2985 281 3038; x_wconf 93' lang='grc' dir='ltr'><strong>Ι.</strong></span> <span class='ocrx_word' id='word_1_251' title='bbox 310 3002 375 3057; x_wconf 88' lang='lat' dir='ltr'><strong>cap.</strong></span> <span class='ocrx_word' id='word_1_252' title='bbox 397 2983 420 3039; x_wconf 93' lang='grc' dir='ltr'><strong>Ι.</strong></span> <span class='ocrx_word' id='word_1_253' title='bbox 444 2986 472 3039; x_wconf 82' lang='lat' dir='ltr'><strong>t.</strong></span> <span class='ocrx_word' id='word_1_254' title='bbox 503 2981 629 3049; x_wconf 77' lang='lat' dir='ltr'><strong>Gabinia)</strong></span> <span class='ocrx_word' id='word_1_255' title='bbox 648 2977 707 3038; x_wconf 86' lang='lat' dir='ltr'><strong>Aut</strong></span> <span class='ocrx_word' id='word_1_256' title='bbox 730 2977 786 3033; x_wconf 85' lang='lat' dir='ltr'><strong>hoc</strong></span> <span class='ocrx_word' id='word_1_257' title='bbox 806 2975 1002 3039; x_wconf 80' lang='lat' dir='ltr'><strong>inserendum.</strong></span> <span class='ocrx_word' id='word_1_258' title='bbox 1033 2978 1081 3030; x_wconf 88' lang='lat' dir='ltr'><strong>aut</strong></span> <span class='ocrx_word' id='word_1_259' title='bbox 1100 2972 1148 3029; x_wconf 84' lang='lat' dir='ltr'><strong>bo·</strong></span> 
     </span>
     <span class='ocr_line' id='line_1_31' title="bbox 93 3056 1150 3147; baseline -0.009 -24"><span class='ocrx_word' id='word_1_260' title='bbox 93 3068 222 3124; x_wconf 79' lang='lat' dir='ltr'><strong>minibus.</strong></span> <span class='ocrx_word' id='word_1_261' title='bbox 253 3060 267 3147; x_wconf 77' lang='lat' dir='ltr'>ss</span> <span class='ocrx_word' id='word_1_262' title='bbox 294 3073 320 3127; x_wconf 88' lang='grc'><strong>6.</strong></span> <span class='ocrx_word' id='word_1_263' title='bbox 349 3067 542 3135; x_wconf 79' lang='lat' dir='ltr'><strong>Cbaanceum)</strong></span> <span class='ocrx_word' id='word_1_264' title='bbox 570 3065 630 3121; x_wconf 84' lang='lat' dir='ltr'><strong>Hoc</strong></span> <span class='ocrx_word' id='word_1_265' title='bbox 651 3079 755 3119; x_wconf 87' lang='lat' dir='ltr'><strong>nomen</strong></span> <span class='ocrx_word' id='word_1_266' title='bbox 788 3077 825 3117; x_wconf 79' lang='lat' dir='ltr'><strong>ex</strong></span> <span class='ocrx_word' id='word_1_267' title='bbox 849 3060 939 3117; x_wconf 86' lang='lat' dir='ltr'><strong>Dione</strong></span> <span class='ocrx_word' id='word_1_268' title='bbox 967 3056 1066 3115; x_wconf 84' lang='lat' dir='ltr'><strong>Cassio</strong></span> <span class='ocrx_word' id='word_1_269' title='bbox 1091 3057 1150 3114; x_wconf 85' lang='lat' dir='ltr'><strong>iam</strong></span> 
     </span>
     <span class='ocr_line' id='line_1_32' title="bbox 94 3142 1149 3223; baseline -0.009 -15"><span class='ocrx_word' id='word_1_270' title='bbox 94 3153 271 3223; x_wconf 76' lang='lat' dir='ltr'><strong>praetulerat</strong></span> <span class='ocrx_word' id='word_1_271' title='bbox 296 3151 482 3223; x_wconf 69' lang='lat' dir='ltr'><strong>Wesseiing,</strong></span> <span class='ocrx_word' id='word_1_272' title='bbox 516 3149 710 3214; x_wconf 79' lang='lat' dir='ltr'><strong>consentiente</strong></span> <span class='ocrx_word' id='word_1_273' title='bbox 734 3143 868 3216; x_wconf 75' lang='lat' dir='ltr'><strong>Frcipsh.</strong></span> <span class='ocrx_word' id='word_1_274' title='bbox 913 3142 1040 3197; x_wconf 81' lang='lat' dir='ltr'><strong>Praefert</strong></span> <span class='ocrx_word' id='word_1_275' title='bbox 1065 3142 1149 3199; x_wconf 87' lang='lat' dir='ltr'><strong>eiiam</strong></span> 
     </span>
     <span class='ocr_line' id='line_1_33' title="bbox 95 3228 1150 3305; baseline -0.008 -14"><span class='ocrx_word' id='word_1_276' title='bbox 95 3234 181 3304; x_wconf 88' lang='lat' dir='ltr'><strong>Oud.,</strong></span> <span class='ocrx_word' id='word_1_277' title='bbox 199 3234 288 3291; x_wconf 88' lang='lat' dir='ltr'><strong>edidit</strong></span> <span class='ocrx_word' id='word_1_278' title='bbox 301 3242 396 3291; x_wconf 88' lang='lat' dir='ltr'><strong>tamen</strong></span> <span class='ocrx_word' id='word_1_279' title='bbox 413 3250 477 3291; x_wconf 88' lang='lat' dir='ltr'><strong>eum</strong></span> <span class='ocrx_word' id='word_1_280' title='bbox 496 3236 576 3305; x_wconf 79' lang='lat' dir='ltr'><strong>vulg.</strong></span> <span class='ocrx_word' id='word_1_281' title='bbox 597 3232 791 3293; x_wconf 76' lang='lat' dir='ltr'><strong>Pmrucewn.</strong></span> <span class='ocrx_word' id='word_1_282' title='bbox 821 3228 942 3286; x_wconf 87' lang='lat' dir='ltr'><strong>Nomina</strong></span> <span class='ocrx_word' id='word_1_283' title='bbox 961 3228 1076 3301; x_wconf 86' lang='lat' dir='ltr'><strong>propria</strong></span> <span class='ocrx_word' id='word_1_284' title='bbox 1097 3228 1150 3283; x_wconf 85' lang='lat' dir='ltr'><strong>rni-</strong></span> 
     </span>
     <span class='ocr_line' id='line_1_34' title="bbox 93 3301 1148 3395; baseline -0.01 -20"><span class='ocrx_word' id='word_1_285' title='bbox 93 3319 214 3375; x_wconf 83' lang='lat' dir='ltr'><strong>serrime</strong></span> <span class='ocrx_word' id='word_1_286' title='bbox 238 3322 434 3391; x_wconf 81' lang='lat' dir='ltr'><strong>corruperunt</strong></span> <span class='ocrx_word' id='word_1_287' title='bbox 455 3317 573 3375; x_wconf 84' lang='lat' dir='ltr'><strong>librarii.</strong></span> <span class='ocrx_word' id='word_1_288' title='bbox 605 3308 619 3395; x_wconf 80' lang='grc' dir='ltr'><strong>ΙΙ</strong></span> <span class='ocrx_word' id='word_1_289' title='bbox 654 3315 818 3387; x_wconf 78' lang='lat' dir='ltr'><strong>operaretur)</strong></span> <span class='ocrx_word' id='word_1_290' title='bbox 851 3312 923 3383; x_wconf 88' lang='lat' dir='ltr'><strong>Oud.</strong></span> <span class='ocrx_word' id='word_1_291' title='bbox 944 3312 1106 3384; x_wconf 76' lang='lat' dir='ltr'><strong>epebentur.</strong></span> <span class='ocrx_word' id='word_1_292' title='bbox 1133 3301 1148 3385; x_wconf 83' lang='grc' dir='ltr'><strong>ΙΙ</strong></span> 
     </span>
     <span class='ocr_line' id='line_1_35' title="bbox 92 3385 1148 3475; baseline -0.008 -18"><span class='ocrx_word' id='word_1_293' title='bbox 92 3400 191 3475; x_wconf 77' lang='lat' dir='ltr'><strong>infra)</strong></span> <span class='ocrx_word' id='word_1_294' title='bbox 213 3402 352 3461; x_wconf 85' lang='lat' dir='ltr'><strong>revocavi</strong></span> <span class='ocrx_word' id='word_1_295' title='bbox 377 3418 393 3457; x_wconf 90' lang='lat' dir='ltr'><strong>e</strong></span> <span class='ocrx_word' id='word_1_296' title='bbox 414 3400 544 3475; x_wconf 81' lang='lat' dir='ltr'><strong>plurimis</strong></span> <span class='ocrx_word' id='word_1_297' title='bbox 564 3399 649 3461; x_wconf 84' lang='lat' dir='ltr'><strong>codd.</strong></span> <span class='ocrx_word' id='word_1_298' title='bbox 677 3398 768 3458; x_wconf 73' lang='lat' dir='ltr'><strong>hira:</strong></span> <span class='ocrx_word' id='word_1_299' title='bbox 785 3398 925 3471; x_wconf 78' lang='lat' dir='ltr'><strong>aitfara&#39;ore</strong></span> <span class='ocrx_word' id='word_1_300' title='bbox 938 3397 1044 3455; x_wconf 67' lang='lat' dir='ltr'><strong>itiitere·</strong></span> <span class='ocrx_word' id='word_1_301' title='bbox 1073 3385 1089 3468; x_wconf 76' lang='lat' dir='ltr'>ss</span> <span class='ocrx_word' id='word_1_302' title='bbox 1112 3396 1148 3449; x_wconf 74' lang='lat' dir='ltr'><strong>ti·</strong></span> 
     </span>
    </p>

    <p class='ocr_par' dir='ltr' id='par_1_6' title="bbox 901 3489 940 3547">
     <span class='ocr_line' id='line_1_36' title="bbox 901 3489 940 3547; baseline 0 -18"><span class='ocrx_word' id='word_1_303' title='bbox 901 3489 940 3547; x_wconf 68' lang='lat' dir='ltr'><strong>,a</strong></span> 
     </span>
    </p>
   </div>
   <div class='ocr_carea' id='block_1_5' title="bbox 0 0 1243 3909">
    <p class='ocr_par' dir='ltr' id='par_1_7' title="bbox 0 0 1243 3909">
     <span class='ocr_line' id='line_1_37' title="bbox 0 0 1243 3909; baseline 0 0"><span class='ocrx_word' id='word_1_304' title='bbox 0 0 1243 3909; x_wconf 95' lang='lat' dir='ltr'><strong> </strong></span> 
     </span>
    </p>
   </div>
  </div>
 </body>
</html>
