2475 3909
135 210 173 271 to
465 220 540 273 sax.
566 222 656 271 nunu
676 220 848 271 saonam

133 375 258 437 hostiurn
280 376 443 437 exercitum
465 394 523 437 non
549 387 670 457 posset,
698 378 820 440 adsidue
847 376 1013 455 producere
1038 384 1070 437 et
1089 376 1179 438 redu·

135 478 204 519 cere
221 461 249 520 in
269 469 364 521 castra
378 462 513 523 instituit:
531 460 652 537 deinde,
669 463 699 522 in
713 462 844 523 eamdem
859 461 1080 540 persuasionem
1093 462 1182 523 hoste

135 544 296 623 perducto,
312 563 349 604 ne
368 546 457 605 ullam
471 546 546 606 riam
565 546 601 607 ad
615 564 807 625 progressum
822 544 1017 605 Romanorum
1032 554 1180 619 tenerent,

135 637 259 708 repente
281 631 390 708 impetu
412 630 491 691 iacto
512 633 662 691 transitum
681 631 789 708 rapuit.

220 712 250 773 9.
278 712 448 773 Alexander
473 712 614 789 Macedo,
643 714 819 790 prohibente
844 730 920 789 rege
945 712 1081 774 ludorum
1099 711 1181 774 Poro

135 797 218 859 traici
241 798 400 857 exercitum
427 814 482 874 per
508 796 613 856 llumen
639 796 814 874 Hydaspen,
837 797 980 857 adsersus
1002 813 1106 875 aquam
1127 795 1181 855 ad·

137 881 219 940 sidus
248 896 424 957 procurrere
453 879 537 941 iussit
562 896 648 939 suos:
678 888 709 939 et
728 881 777 939 ubi
798 892 836 939 eo
854 898 937 940 more
958 880 1183 941 exercitationis

135 962 292 1023 adsecutus
315 971 377 1036 est,
402 967 486 1041 quia
507 962 584 1023 Poro
607 964 733 1024 adversa
754 964 818 1041 ripa
839 972 1011 1039 caveretur„
1032 965 1100 1043 ipse
1123 980 1182 1042 per

135 1047 318 1125 superiorem
340 1055 453 1125 partem
476 1046 600 1107 subitum
622 1048 779 1107 transmisit
800 1048 972 1107 exercitum.

220 1129 316 1204 Idem,
332 1132 407 1208 unia
425 1129 487 1190 lndi
508 1130 631 1190 lluminis
649 1132 771 1191 traiectu
788 1129 1000 1208 prohibebatur
1019 1130 1056 1191 ab
1079 1132 1183 1204 hoste,

135 1213 260 1293 diuersis
283 1214 365 1273 locis·
385 1216 413 1274 in
433 1214 549 1275 llnmine
575 1216 690 1292 equites
711 1215 833 1275 instituit
854 1214 1010 1273 immittere
1031 1224 1063 1273 et
1084 1223 1184 1274 trans·

134 1300 203 1359 itum
233 1299 350 1367 minari;
377 1316 499 1377 cumque
529 1299 752 1377 exspectatione
777 1297 921 1357 barbaros
944 1299 1073 1358 intentos
1094 1306 1186 1356 teue-

134 1390 201 1457 ret,
217 1382 339 1443 insulam
353 1384 441 1460 paulo
457 1384 646 1443 remotiorem
662 1384 784 1460 primum
801 1383 925 1457 exiguo,
947 1380 1054 1441 deinde
1068 1382 1185 1441 maiore

134 1466 283 1545 praesidio
306 1468 461 1545 occupavit
483 1474 570 1545 atque
585 1466 652 1526 inde
666 1468 695 1525 in
714 1466 886 1525 ulteriorem
902 1466 993 1542 ripam
1011 1465 1183 1524 transmisit.

134 1549 181 1612 Ad
204 1567 288 1629 quam
309 1568 422 1612 manum
444 1550 664 1631 obprimendam
690 1568 755 1609 cum
777 1549 905 1608 universi
926 1566 961 1607 se
982 1547 1086 1609 hostes
1107 1548 1183 1607 eliu·

134 1635 262 1711 dissent,
297 1636 362 1713 ipse
391 1634 487 1697 libero
515 1634 592 1695 vado
619 1643 822 1710 transgressus
845 1648 948 1691 ornnes
979 1633 1084 1710 copias
1109 1649 1183 1691 con·

134 1718 234 1778 iunxit.

223 1802 271 1862 to.
299 1800 482 1878 Xenophon,
509 1798 681 1859 ulteriorem
707 1800 800 1877 ripam
826 1799 974 1859 Armeniis
1000 1794 1182 1873 tenentibus,

134 1885 208 1944 dnos
230 1885 312 1945 iussit
334 1885 436 1963 quaeri
456 1882 566 1945 aditus:
591 1892 706 1943 etcum
729 1900 746 1943 a
766 1884 904 1943 citeriore
926 1883 1063 1962 repulsus
1086 1892 1182 1958 esset,

133 1968 246 2027 transiit
267 1968 303 2027 ad
325 1969 527 2045 superiorem;
560 1967 627 2027 inde
661 1984 779 2046 qnoque
798 1967 960 2046 prohibitus
981 1967 1107 2027 hostium
1130 1984 1183 2027 oc-

135 2068 238 2125 cursu,
261 2052 379 2131 repetiit
401 2052 505 2113 vadum
523 2050 661 2111 iniurius:
684 2052 824 2128 iussaque
839 2050 946 2112 ibidem
958 2051 1077 2111 militum
1096 2059 1183 2129 parte

134 2134 312 2211 subsistere,
336 2153 431 2213 quae,
449 2152 512 2196 oum
531 2134 663 2195 Armenii
685 2136 723 2195 ad
742 2134 890 2195 inferioris
910 2136 977 2196 radi
995 2135 1117 2195 tutelam
1134 2152 1182 2193 re·

135 2219 273 2296 diisseut,
302 2238 356 2299 per
379 2221 514 2298 superius
549 2218 821 2295 transgrederetur,
846 2218 993 2294 Armenii,
1023 2219 1182 2279 credentes

136 2303 313 2365 decursuros
341 2320 459 2379 omnes,
487 2304 606 2381 decepti
633 2311 699 2362 sunt
728 2321 745 2363 a
773 2303 1001 2362 remanentibus.
1053 2301 1089 2361 lli
1116 2320 1183 2361 cum

135 2387 291 2449 resistente
307 2388 387 2449 nullo
404 2386 508 2447 vadum
525 2395 732 2464 superassent,
745 2388 952 2447 transeuntium
967 2403 1086 2447 suorum
1096 2385 1183 2446 inere

137 2480 382 2550 propugnatores.
1100 2544 1103 2552 ,

224 2555 272 2613 11.
295 2554 409 2632 Appius
424 2551 561 2615 Claudius
585 2554 689 2613 consul
710 2554 804 2632 primo
825 2553 907 2614 bello
930 2553 1056 2628 Punico,
1079 2570 1183 2611 cuma

137 2638 253 2715 Rhegio
280 2636 444 2697 Messanam
470 2639 597 2698 traicere
626 2638 746 2698 militem
771 2638 922 2716 nequiret,
951 2635 1183 2698 custodientibus

135 2722 241 2783 iretum
263 2721 386 2797 Poenis,
409 2722 517 2801 sparsit
534 2738 697 2798 rumorem,
715 2722 799 2800 quasi
821 2721 931 2782 bellum
950 2722 1060 2781 iniussn
1079 2720 1184 2799 populi

138 2807 285 2884 inceptum
313 2824 420 2883 gerere
449 2822 507 2865 nou
536 2816 657 2884 posset,
686 2806 872 2884 classemque
892 2808 923 2865 in
943 2804 1056 2865 ltaliam
1078 2820 1183 2864 versus

136 2908 172 2951 se
192 2906 283 2968 agere
302 2890 454 2951 simularit.
499 2890 651 2967 Digressis
669 2891 775 2951 deinde
792 2889 915 2965 Poenis,
938 2890 987 2967 qui
1003 2887 1183 2968 protectioni

137 2976 201 3037 eius
223 2974 385 3037 habuerant
407 2975 509 3051 isdem,
537 2977 726 3035 circumactae
742 2992 833 3034 naves
854 2973 966 3053 adpulit
987 2973 1118 3034 Siciliae.

226 3058 275 3121 12.
300 3059 596 3121 Lacedaemoniorum
624 3058 734 3134 duces,
766 3076 831 3119 cnm
857 3059 1020 3133 Syracusas
1040 3056 1182 3133 nemum

139 3144 336 3205 destinassent
357 3152 387 3203 et
407 3143 570 3204 Poenorum
593 3142 763 3221 dispositam
785 3160 840 3221 per
861 3142 928 3203 litns
951 3142 1078 3202 classem
1097 3142 1179 3201 time·
1201 3158 1204 3164 ·

138 3234 218 3300 rent,
242 3226 346 3287 decem
367 3227 489 3287 Punicas
515 3243 624 3302 naves,
652 3244 725 3305 quas
756 3228 887 3304 captivas
909 3226 1072 3299 habebant,
1091 3224 1182 3285 relnti

139 3308 277 3369 victrices
298 3311 404 3387 primas
426 3312 572 3371 iusserunt
594 3311 658 3387 agi,
674 3319 723 3371 ant
742 3329 761 3371 a
777 3311 870 3371 latere
892 3310 996 3370 iunctis
1014 3317 1065 3369 aut
1080 3326 1181 3387 puppe

137 3390 272 3467 religatis
294 3391 372 3466 aliis:
394 3412 451 3471 qua
473 3395 575 3473 speeie
598 3395 731 3473 deceptis
753 3395 859 3456 Poenis
878 3395 1067 3453 transierunt.

97 3497 100 3501 ’
227 3474 274 3535 13.
296 3473 462 3559 Philippus,
475 3502 477 3505 ·
492 3496 557 3539 cum
578 3480 727 3555 angustias
749 3480 853 3555 maris,
872 3496 949 3558 qnae
971 3474 1109 3552 Cyaneae
1130 3476 1179 3537 ad-
