2475 3909
255 197 598 249 sunnracuunrrcou
617 198 687 247 mn.
709 198 733 249 1.
756 198 832 247 cnr.
854 183 898 247 ιζ
1071 188 1111 253 13

61 363 178 415 montes
206 353 349 432 abruptos
376 353 495 431 longum
521 362 552 413 ct
579 361 733 429 angustum
748 354 807 414 iter
825 353 977 431 ingressas
1000 373 1111 434 pancas

62 442 190 501 duceret
210 438 350 499 cohortes
363 438 616 515 comperissetque
628 438 776 514 ingentem
789 455 903 498 manum
922 437 1047 500 bostium
1060 443 1111 502 ad·

60 534 204 598 ventare,
226 524 336 582 fossam
356 522 552 581 transversam
574 524 651 581 inter
676 530 792 581 montes
813 524 924 599 pressit
944 522 1111 602 uallumque

61 609 185 668 materia
207 614 386 666 exstructum
401 606 542 679 incendit,
561 614 650 683 atque
662 606 702 667 ita
720 605 880 665 intercluso
899 605 986 667 hoste
1005 610 1110 669 evasit.

147 692 178 751 9.
202 688 236 749 C.
260 688 372 749 Cacsar
385 688 466 748 bello
483 687 577 763 civili,
598 706 663 749 cnm
679 690 822 749 adversus
839 689 990 751 Afranium
1008 694 1111 770 copias

64 775 209 835 educeret
228 784 258 833 ct
282 771 447 851 recipiendi
466 791 499 831 sc
520 774 583 831 sine
605 773 739 851 periculo
755 772 925 833 facultatem
942 792 1002 835 non
1019 774 1110 835 babe-

63 869 125 933 ret,
150 861 227 917 sicut
249 859 436 931 constiterat,
461 858 552 934 prima
575 865 604 916 et
632 857 762 918 secunda
779 858 843 917 acic
865 858 963 919 furtim
983 877 1000 920 a
1021 869 1108 937 tergo

63 944 99 1002 ad
114 959 190 1021 opus
212 942 376 1019 adplicata,
392 940 556 1018 quindecim
570 940 678 1019 pedum
696 941 806 1001 fossam
825 941 913 1017 lecit,
933 943 1008 1004 intra
1023 961 1109 1023 qnam

63 1026 117 1085 sub
134 1043 273 1085 occasum
296 1024 368 1083 solis
385 1026 486 1085 armati
508 1042 542 1083 se
565 1024 673 1085 milites
695 1026 758 1085 eius
780 1035 969 1104 receperunt.

149 1110 200 1169 10.
224 1108 356 1169 Pericles
377 1106 583 1183 Atheniensis,
599 1125 615 1168 a
634 1108 858 1188 Peloponnesiis
875 1111 903 1168 in
923 1129 990 1171 cum
1011 1112 1109 1173 locum

62 1193 250 1271 compulsus,
274 1194 321 1271 qui
343 1191 469 1269 undique
492 1191 623 1269 abruptis
645 1194 757 1253 cinctus
785 1193 859 1253 dnos
881 1202 989 1254 tanturn
1011 1199 1107 1257 exitus

60 1277 208 1351 babebat,
232 1276 269 1335 ab
289 1276 382 1335 altera
402 1284 485 1352 parte
502 1276 612 1336 fossam
628 1277 755 1353 ingentis
775 1276 932 1337 latitudinis
954 1279 1035 1340 duxit
1055 1300 1107 1341 vc·

60 1361 106 1421 lut
127 1361 224 1419 bostis
246 1359 418 1419 excludendi
440 1378 546 1433 causa,
568 1358 604 1419 ab
626 1360 719 1419 altera
740 1359 859 1419 limitem
881 1378 973 1435 agere
995 1366 1106 1440 coepit,

59 1456 213 1521 tamquam
231 1461 284 1521 por
305 1462 369 1503 eum
395 1452 560 1522 erupturus.
612 1441 636 1501 ll
664 1443 712 1519 qui
739 1441 931 1516 obsidebant,
961 1462 1027 1503 curn
1053 1464 1109 1523 per

60 1530 173 1589 fossam
195 1544 279 1605 quarn
306 1529 370 1605 ipse
400 1528 513 1587 fecerat
540 1526 703 1586 exercitum
726 1525 849 1585 Periclis
871 1543 930 1585 non
952 1527 1108 1588 crederent

61 1630 236 1686 evasurum,
256 1612 385 1672 universi
408 1630 424 1671 a
447 1612 537 1671 limite
567 1609 752 1671 obstiterunt.
797 1609 946 1685 Pericles,
970 1613 1106 1690 pontibus

61 1714 136 1774 quos
159 1705 388 1774 praeparaverat
408 1695 508 1755 fossae
529 1696 662 1772 iniectis,
680 1710 768 1769 suos,
789 1712 847 1773 qua
868 1711 927 1755 uon
947 1696 1105 1757 resisteba-

61 1791 122 1857 tur,
144 1781 250 1839 emisit.

146 1865 197 1927 11.
219 1863 425 1938 Lysimachus,
455 1880 493 1923 ex
516 1863 561 1922 his
584 1882 657 1923 unus
688 1864 717 1923 in
746 1882 821 1943 quos
851 1882 925 1944 opes
944 1865 1105 1927 Alexandri

59 1949 253 2023 transierunt,
278 1965 342 2008 cunr
358 1948 464 2008 editum
485 1947 592 2007 collem
608 1949 712 2007 castris
728 1949 922 2022 destinasset,
938 1951 1104 2029 impruden·

60 2034 101 2093 tia
120 2041 216 2091 autern
236 2048 355 2091 suorum
376 2034 404 2091 in
425 2032 592 2096 inferiorem
620 2031 764 2091 deductus
786 2043 940 2093 vereretur
961 2053 1000 2093 cx
1015 2052 1103 2113 supe-

57 2117 138 2175 riore
159 2116 287 2175 bostium
306 2117 466 2191 incursum,
486 2115 619 2193 triplices
642 2114 740 2173 lossas
756 2115 830 2174 intra
848 2117 955 2177 vallum
977 2117 1103 2179 obiecit:

59 2199 166 2260 deinde
195 2199 391 2261 subsimilibus
420 2199 508 2259 lossis
542 2200 620 2257 circa
654 2198 748 2256 omnia
775 2200 900 2257 tentoria
925 2200 1020 2259 ductis
1043 2210 1104 2262 tota

59 2293 157 2345 castra
180 2284 312 2344 confodit
332 2291 377 2359 et,
405 2284 567 2360 intersepto
595 2281 720 2341 hostium
743 2280 837 2356 aditu,
860 2280 945 2341 simul
966 2282 1052 2341 burno
1075 2293 1105 2343 et

57 2367 230 2467 frondibus,
256 2386 328 2446 quas
350 2367 440 2427 fossis
468 2368 689 2445 superiecerat,
711 2365 791 2427 lacto
813 2374 920 2493 poptc,
943 2367 1050 2445 impetn
1077 2370 1104 2427 in

58 2454 215 2531 superiora
239 2454 341 2512 evasit.

145 2534 195 2595 12.
220 2534 404 2599 T.Fonteius
427 2536 573 2612 legatus
565 2553 593 2595 ιιι
614 2535 769 2613 Hispania,
789 2553 855 2595 cnm
873 2535 966 2597 tribus
987 2536 1103 2597 milibus

57 2620 205 2679 bominum
228 2620 397 2697 praedatum
425 2620 576 2698 proiectus
605 2620 734 2697 locoque
763 2621 862 2697 iniquo
889 2622 1104 2681 circumventus

59 2704 93 2762 ab
116 2703 318 2780 Hasdrubale,
337 2704 372 2763 ad
389 2706 497 2782 prirnos
518 2713 627 2765 tanturn
648 2706 767 2763 ordines
788 2705 884 2764 relato
902 2706 1044 2780 consilio,
1061 2708 1102 2765 iu·

59 2789 187 2865 cipiente
227 2797 334 2863 nocte,
364 2804 422 2865 quo
456 2797 589 2866 ternpore
617 2788 733 2847 minime
767 2787 1012 2865 exspectabatur,
1049 2808 1104 2867 per

58 2874 202 2932 stationes
220 2871 345 2931 bostium
367 2874 509 2950 prorupit.

145 2954 194 3014 13.
222 2955 253 3014 l.
273 2954 393 3031 Furius,
412 2956 544 3015 exercitu
562 2951 706 3032 producto
723 2952 753 3008 in
770 2951 867 3010 locnrn
883 2952 1026 3029 iniquum,
1039 2971 1104 3013 curn

58 3039 260 3099 constituisset
288 3040 439 3099 occultare
462 3038 688 3099 sollicitudinem
709 3052 807 3109 suam,
829 3051 868 3093 nc
888 3034 995 3112 reliqui
1014 3039 1103 3115 trepi-

56 3122 177 3198 darent,
194 3123 342 3201 paullatim
358 3124 479 3184 inllectit
489 3123 560 3197 iter,
572 3131 717 3198 tamqnam
729 3119 852 3178 circuitu
863 3119 972 3177 maiore
989 3118 1103 3181 bostem

56 3205 270 3283 adgressurus;
295 3224 501 3285 conversoque
524 3208 655 3282 agmine,
679 3206 811 3281 ignarum
832 3203 876 3264 rei
897 3220 974 3281 quae
994 3205 1102 3281 ageba·

55 3299 101 3351 tur
120 3293 285 3351 exercitum
305 3292 480 3351 incolumem
499 3289 633 3349 reduxit.-

143 3376 192 3435 14.
214 3375 245 3434 Ρ.
265 3374 395 3450 Decius,
414 3373 544 3435 tribunus
564 3372 645 3433 bello
658 3373 831 3447 Samnitico,
848 3369 986 3433 Cornelio
1006 3373 1102 3435 Cosso

56 3459 170 3519 consuli
190 3460 303 3541 iniquis,
315 3459 391 3545 locis
409 3456 596 3545 deprehenso
621 3456 658 3515 ab
677 3456 811 3515 hostibus
834 3458 944 3533 suasit,
967 3466 998 3516 ut
1014 3475 1101 3517 occu·
