2475 3909
103 202 141 251 1v
524 196 722 248 PRAEFATIO

105 358 249 432 adplicitos
263 355 336 416 nom
349 357 449 429 aalma)
476 358 518 416 Ita
531 358 662 415 Medicei.
694 356 763 427 „Bis
781 370 818 412 an
835 352 882 411 die
896 369 963 413 vom
977 351 1086 409 Feiude
1105 370 1159 409 an·

105 442 279 517 gebrachten
305 442 541 515 Schanzplirhle.“
580 443 666 514 Vulg.
692 442 837 513 adpictus
862 440 933 495 besti
953 439 1049 494 valles.
1080 430 1096 516 ΙΙ
1125 443 1156 497 8·

105 527 200 585 Subito
213 525 346 596 hostibus)
363 527 527 595 emendavi,
551 544 602 599 pro
619 526 678 582 Snb
698 524 804 598 quibes.
831 516 846 603 ΙΙ
873 527 901 582 9.
914 523 1043 588 isaacium)
1060 521 1156 577 Sanus

76 674 78 678 ,
103 613 197 671 locus.
224 610 354 667 Narratio
372 615 430 667 exit
447 628 464 666 a
480 612 602 678 Nerone,
620 610 668 681 qui
682 608 729 666 hic
742 609 872 680 opinatur
886 606 1009 678 quidem,
1026 605 1158 660 Hasdru·

103 696 196 752 balem
216 694 259 748 rei
273 694 394 752 insciam
409 710 491 764 esse,
512 695 643 765 quamvis
665 693 782 748 nonsit.
812 685 826 770 ΙΙ
853 696 896 750 12.
913 689 1055 758 Metellus)
1073 687 1155 758 Pius,

105 777 183 851 quod
195 778 323 847 inperite
341 778 480 846 adiicitur,
495 784 571 833 recte
589 778 713 833 amultis
728 777 807 833 libris
822 777 913 831 abest.
1031 777 1036 787 “

98 904 101 909 .
192 859 261 931 Cap.
278 861 312 917 H.
328 866 356 920 3.
372 862 555 928 imminerent)
569 861 609 916 Ita
624 862 712 917 Palat.
730 859 819 916 Ceteri
840 860 1001 913 immineret.
1031 850 1047 937 ΙΙ
1072 856 1152 914 nm

103 944 315 1012 emamlusan.
325 945 399 1000 XXI.
413 950 446 1004 6:
461 944 652 1001 Hamilcarem
660 947 834 1016 capnomento
841 942 1020 997 Rhodanum.
1030 942 1154 997 Dubium

103 1044 217 1083 nomen.
247 1020 261 1105 Η
288 1034 316 1087 5.
325 1029 520 1101 patncrotssta
534 1028 647 1099 plurimi
661 1028 748 1083 codd.
770 1032 797 1081 et
815 1026 883 1099 edd.
897 1030 955 1080 vet.
984 1027 1079 1097 Vulgo
1096 1041 1151 1095 po-

103 1118 184 1167 terat.
219 1112 293 1170 Oud.
304 1114 435 1185 proponit
445 1116 585 1184 patuerat.
602 1103 615 1189 u
629 1116 655 1170 7.
666 1096 1017 1183 'I’apns-Poputoniom)
1031 1109 1072 1163 lta
1086 1109 1152 1163 aliia

102 1196 339 1267 praecedentibus
360 1197 494 1253 Niebuhr.
516 1192 598 1251 Rdm.
614 1195 718 1251 Gesch.
740 1195 786 1248 111.
807 1187 838 1265 p.
856 1199 918 1252 502.
951 1193 993 1249 De
1013 1196 1090 1263 Papo
1113 1192 1150 1246 ci.

102 1280 125 1336 1.
139 1284 167 1348 4,
184 1287 209 1338 1.
237 1281 349 1352 Vulgo:
366 1280 674 1353 Pautlwdotoniam.
690 1271 706 1357 ΙΙ
718 1281 748 1334 in
763 1279 872 1348 itinere)
888 1277 984 1347 recepi
1001 1293 1038 1333 cx
1046 1276 1151 1342 Vatia„

103 1365 231 1419 Petrens.
249 1368 276 1419 et
288 1364 354 1420 edd.
370 1364 453 1419 Rom.
468 1369 495 1418 et
509 1362 619 1419 Bonon.

190 1446 258 1518 Cap.
274 1448 321 1502 ΙΙΙ.
344 1452 371 1505 5.
392 1449 422 1502 in
440 1446 594 1517 Hispania)
616 1462 632 1501 e
655 1444 741 1506 codd.
763 1445 867 1515 recept.
897 1433 970 1501 eud,
990 1440 1102 1496 retinuit
1120 1443 1150 1495 in

101 1530 278 1602 Hispaniam.
307 1521 322 1609 Η
351 1534 381 1589 ὅ.
399 1531 582 1599 amandandi)
613 1528 687 1586 Oud.
705 1529 848 1609 emittendi.
877 1519 891 1607 ΙΙ
920 1532 947 1586 t.
971 1524 1050 1580 idem
1069 1524 1150 1596 feeit)

102 1613 121 1667 i.
139 1629 165 1668 e.
184 1618 285 1670 statum
299 1615 364 1669 belli
378 1613 416 1668 ad
436 1616 538 1668 navale
558 1614 696 1683 proelium
717 1611 864 1669 transtulit.
893 1603 907 1690 Η
942 1606 977 1670 8.“
989 1608 1150 1681 funeribus)

102 1696 143 1751 lta
159 1714 228 1753 mss.
246 1713 338 1769 paene
353 1712 462 1765 omncs,
478 1712 534 1751 non
546 1696 658 1767 finibus
687 1687 701 1774 ΙΙ
729 1696 851 1751 hostilem
867 1698 896 1751 in
913 1695 1033 1761 mnam)
1053 1696 1149 1747 emen-

103 1778 180 1835 davi.
206 1779 317 1836 Excidit
333 1786 438 1835 terram
454 1784 569 1851 propter
591 1779 800 1850 similitudinem
821 1780 966 1851 sequentis
985 1784 1076 1832 trans.
1102 1775 1150 1829 Li-

101 1864 144 1919 bri
158 1863 253 1919 hostile
266 1869 366 1920 manat.
379 1864 405 1919 b.

189 1947 258 2018 Cap.
273 1947 322 2001 1v.
339 1953 365 2006 1.
386 1946 498 2019 Papus)
519 1948 603 2019 Vulg.
625 1946 751 2003 Pontias.
783 1946 823 2003 Gi.
845 1962 932 2016 supra
952 1962 977 2000 c.
997 1942 1031 1997 Π.
1048 1946 1075 2002 i.
1091 1934 1105 2021 ΙΙ
1118 1944 1149 1995 in

100 2029 238 2098 Laconis)
251 2030 337 2103 Vulg.
352 2034 381 2086 in
393 2031 533 2087 Lucanos.
549 2030 589 2087 Cl.
605 2029 740 2087 Niebuhr.
761 2028 842 2085 Rom.
859 2024 1146 2098 Geseh.111.p.‘5ab

101 2106 116 2194 l}
131 2118 157 2173 6.
174 2114 321 2185 adpetens)
338 2116 422 2187 Vulg.
432 2122 540 2186 petens.
574 2113 634 2170 Sed
649 2115 779 2185 permulti
794 2114 856 2167 libri
874 2114 1009 2168 Graecias
1016 2116 1075 2182 pet.
1092 2109 1149 2164 llil-

101 2198 405 2271 lensb.Graeciob.pet.
422 2190 436 2278 ΙΙ
449 2204 476 2257 8.
488 2199 659 2270 producere)
675 2215 716 2252 sc.
732 2214 809 2251 suos.
823 2189 837 2273 Η
851 2198 899 2265 ne)
911 2197 1002 2267 magis
1013 2194 1119 2266 pendet
1130 2208 1149 2247 a

98 2282 243 2355 perdocto,
259 2298 343 2353 quam
364 2284 398 2339 ab
413 2284 529 2338 eandem
545 2296 679 2352 persnas.
711 2280 808 2334 Possis
825 2280 908 2334 etiam
923 2279 1064 2350 explicare
1079 2293 1147 2348 perr

101 2368 140 2423 ita
155 2372 184 2421 ut
199 2382 266 2420 non.
282 2358 297 2444 ss
308 2368 431 2437 ipseper
440 2366 517 2435 sep.)
528 2367 589 2436 ipse
603 2363 711 2418 restitui
728 2379 764 2417 ex
778 2363 918 2419 nonnullis
933 2363 1022 2430 libris,
1037 2363 1087 2434 qui
1098 2361 1148 2415 ha·

100 2452 167 2506 beni
181 2452 211 2505 in
226 2464 290 2519 cup.
307 2441 323 2526 fl
335 2450 364 2502 in
375 2448 502 2518 flumme)
518 2447 675 2517 coniungas
691 2463 755 2501 cum
768 2448 884 2503 diversas
898 2448 974 2519 toas.
994 2438 1008 2525 ΙΙ
1029 2453 1073 2503 lb.
1088 2446 1147 2500 ins-

101 2534 201 2603 saqae)
226 2532 334 2585 restitui
353 2547 368 2585 e
388 2530 466 2586 libris
488 2532 617 2586 omnibus
639 2531 704 2601 (pro
731 2533 836 2601 moa),
862 2537 968 2587 mutata
989 2533 1148 2600 interpunc-

100 2618 187 2671 tione.
210 2606 224 2693 ss
238 2614 323 2685 qnae)
340 2613 501 2669 emendavit
514 2612 585 2669 0ud.
602 2630 654 2684 pro
670 2629 709 2669 en
725 2599 789 2685 pn'a.
814 2607 830 2694 ΙΙ
854 2621 897 2674 Η.
909 2630 966 2687 per
985 2614 1061 2682 titus)
1077 2629 1145 2667 con-

100 2700 209 2753 iectura
231 2696 390 2752 Casauboni
412 2698 609 2774 sagacissima.
639 2698 731 2753 Antea
751 2699 897 2769 legebatur
908 2700 1027 2770 penitas.
1056 2689 1070 2775 ss
1100 2700 1144 2755 13.

101 2782 240 2853 cyaneae)
259 2780 371 2835 Insulae
386 2778 527 2852 Cyaneae,
550 2782 670 2837 eaedem
685 2798 719 2836 ac
734 2780 958 2854 Symplegades,
979 2797 1083 2835 nomen
1098 2780 1146 2834 de·

100 2864 179 2920 disse
194 2864 327 2921 videntur
341 2865 489 2936 angustiis.
528 2865 600 2922 0ud.
619 2867 753 2937 proponit
772 2866 935 2938 Abydenoe,·
956 2865 1031 2935 quod
1053 2863 1144 2917 minus

98 2950 206 3021 placet,
224 2948 290 3019 quia
307 2948 390 3003 etiam
405 2964 527 3021 sequens
543 2956 658 3021 strateg.
677 2949 707 3005 fit
722 2948 759 3006 ad
776 2948 992 3004 Cherronesum.
1020 2940 1036 3027 ΙΙ
1058 2950 1140 3002 inter

97 3032 194 3105 sectis)
208 3031 368 3088 emendatio
384 3032 495 3103 Nerelii,
509 3048 560 3103 pro
576 3036 743 3105 interceptis,
760 3032 836 3102 quod
850 3032 963 3087 tolerari
979 3047 1036 3086 non
1052 3036 1145 3102 potest

98 3122 214 3185 propter
232 3132 291 3186 seq.
306 3117 436 3187 epistolae
449 3121 480 3171 nt
488 3118 728 3187 interciperentur.
745 3107 758 3195 ΙΙ
772 3132 835 3171 enm
851 3115 963 3184 Cberr.)
977 3116 1078 3187 scripsi
1089 3128 1144 3185 pre

99 3200 180 3267 poia,
194 3204 309 3267 propter
324 3214 385 3269 seq.
398 3198 603 3269 prohiberetur.
634 3190 649 3277 Η
680 3200 830 3270 industrio)
845 3200 977 3273 permulti
992 3200 1070 3268 libri,
1091 3213 1142 3271 pro

100 3280 135 3334 tle
152 3278 298 3334 industria.
338 3280 378 3335 Oi.
400 3298 461 3353 cap.
474 3282 509 3339 V.
527 3286 569 3342 16.
585 3283 645 3339 Lib.
660 3283 707 3338 111.
725 3286 767 3350 17,
783 3289 810 3343 6.
1100 3286 1104 3290 ⁸

136 3380 139 3387 ’
185 3358 253 3432 Cap.
268 3361 304 3416 V.
320 3367 346 3419 1.
381 3366 506 3436 necesse)
527 3367 665 3423 suadente
681 3366 754 3424 Oud.
769 3366 888 3423 restitui.
902 3357 956 3444 [14.
970 3365 1110 3436 asperiori
1128 3376 1143 3418 e

94 3446 194 3518 parte)
210 3461 252 3502 sc.
266 3442 399 3501 fluminis.
416 3447 475 3503 ‚lta
490 3451 591 3525 scripsi
607 3452 672 3524 (pro
689 3452 829 3526 mperiori
835 3450 932 3524 parte)
947 3464 983 3503 ex
998 3448 1144 3503 nonnullo·
