2475 3909
247 209 590 260 amanuensiumcoa
611 210 682 260 nun.
704 211 751 260 nv.
778 210 854 262 cnr.
877 215 937 262 vn.
1069 201 1110 264 95

59 363 260 444 sequentibus
278 363 412 426 hostibus
425 363 502 426 idern
515 367 652 428 transitus
669 375 816 446 maneret,
834 367 994 432 novissimo
1007 371 1113 449 agnini

61 450 237 528 praecepit,
260 447 451 508 incenderent
472 458 601 528 pontem.

148 531 203 592 29.
248 532 370 592 Romani
384 550 470 611 quum
484 531 638 613 Campanis
657 533 802 611 equitibus
821 533 902 597 nullo
920 536 1009 597 modo
1025 553 1113 614 pares

63 625 186 691 essent,
217 615 254 689 Q.
277 615 406 676 Naevius
435 619 567 678 centurio
598 619 628 676 iu
651 619 783 678 exercitu
805 616 899 678 Fulvii
920 617 1021 680 Flacci
1045 637 1112 699 pro·

63 699 200 760 consulis
218 701 415 777 excogitavit,
437 708 469 760 ut
491 701 627 761 delectos
644 719 683 760 ex
704 710 766 762 toto
789 703 937 779 exercitu,
961 704 1009 782 qui
1028 704 1111 764 velo·

64 785 177 843 cissimi
194 783 367 844 videbantur
389 793 420 844 et
441 785 598 845 mediocris
620 793 704 845 erant
723 793 872 862 staturae,
893 787 1032 864 parmulis
1053 805 1111 848 non

61 867 171 946 amplis
198 876 229 928 ct
256 867 428 943 galericulis
454 867 619 947 gladiisque
647 887 682 929 ac
710 871 843 948 septenis
868 871 999 948 singulos
1021 871 1113 932 hastis

62 960 286 1029 quatternorum
307 951 424 1012 circiter
445 951 553 1030 pedum
570 953 674 1012 armari
698 970 810 1031 cosque
835 954 987 1014 adiunctos
1008 957 1112 1035 equiti·

62 1034 120 1094 bus
135 1034 253 1094 iuberet
265 1051 358 1111 usque
374 1035 410 1096 ad
423 1037 540 1096 moenia
552 1036 692 1113 provehi,
717 1037 822 1097 deinde
837 1037 877 1098 ibi
888 1039 993 1118 positis
1004 1040 1112 1100 nostris

62 1117 214 1194 equitibus
248 1118 379 1196 incipere
414 1120 489 1178 inter
523 1119 650 1180 hostium
679 1122 836 1198 equitatum
863 1123 1018 1201 proeliari:
1053 1141 1112 1201 quo

62 1202 145 1260 lacto
171 1200 363 1262 vehementer
392 1211 423 1264 et
451 1203 507 1281 ipsi
537 1201 675 1282 Campani
702 1204 811 1264 adssicti
839 1214 904 1266 sunt
931 1216 960 1268 et
987 1208 1111 1270 maxime

63 1287 138 1363 equi
160 1302 275 1354 eorunm
298 1286 401 1362 quibus
423 1285 562 1364 turbatis,
584 1303 677 1367 prona
700 1289 808 1348 nostris
829 1290 953 1350 victoria
972 1290 1036 1350 luit.

157 1384 206 1445 30.
249 1385 279 1444 Ρ.
301 1386 403 1464 Scipio
429 1387 459 1467 in
480 1386 587 1462 Lydia,
611 1405 677 1448 cum
696 1389 744 1448 die
766 1405 801 1448 ac
819 1397 907 1446 nocte
929 1387 1020 1447 imbre
1044 1405 1112 1448 con·

63 1470 150 1527 tinuo
169 1477 302 1528 vexatum
327 1471 487 1529 exercitum
510 1470 650 1531 Antiochi
671 1471 802 1546 videret,
824 1487 881 1530 nec
897 1468 1029 1530 homines
1052 1481 1112 1532 tan·

62 1561 126 1610 tum
146 1561 197 1611 aut
210 1569 305 1630 equos
320 1553 465 1629 delicere,
488 1572 590 1614 rerum
605 1572 692 1616 arcus
712 1572 830 1633 quoque
850 1554 1033 1614 madentibus
1047 1573 1112 1616 ner·

63 1636 111 1694 vis
132 1635 278 1695 inhabiles
298 1637 410 1711 iactos,
434 1637 605 1698 exhortatus
624 1647 670 1698 est
684 1639 803 1698 fratrem
825 1655 923 1713 suum,
946 1647 976 1697 ut
991 1647 1112 1715 postero

63 1721 200 1797 quamvis
221 1720 362 1796 religioso
378 1720 426 1780 die
443 1723 639 1782 committeret
659 1723 819 1801 proelium:
842 1738 928 1800 quam
943 1723 1114 1782 senteutiam

66 1811 172 1863 secuta
192 1804 317 1864 victoria
335 1813 389 1866 est.

152 1906 204 1966 31.
250 1903 410 1980 Catonem,
438 1913 600 1979 vastantem
622 1905 805 1984 Hispaniam,
827 1905 919 1982 legati
942 1904 1112 1982 Ilergetum,

66 1990 116 2069 qui
133 1990 282 2049 sociorum
298 1989 424 2067 populus
439 1997 519 2064 erat,
537 1988 669 2048 adierunt
682 1998 898 2068 oraveruntque
911 1989 1027 2050 auxilia.
1058 1987 1112 2048 llle

65 2092 105 2132 ne
131 2083 181 2133 ant
203 2072 348 2150 abnegato
362 2072 504 2132 adiutorio
520 2074 619 2132 socios
634 2073 794 2146 alienaret,
818 2083 866 2132 aut
887 2072 1005 2133 diducto
1028 2091 1113 2132 exer·

66 2159 124 2216 citu
152 2157 233 2216 vires
259 2159 417 2232 minueret,
444 2157 559 2215 tertiam
586 2165 700 2233 partem
725 2155 844 2214 militum
870 2156 978 2215 cibaria
1007 2175 1112 2234 parare

66 2250 96 2299 et
112 2258 205 2300 naves
223 2241 405 2300 adscendere
417 2240 515 2315 iussit,
534 2238 602 2297 dato
623 2247 802 2317 praecepto,
823 2247 853 2296 ut
875 2241 984 2297 causati
1008 2249 1113 2298 ventos

63 2334 147 2384 retro
169 2325 308 2384 redirent.
353 2322 538 2383 Praecedens
558 2323 672 2382 interim
691 2321 874 2382 adventantis
894 2321 994 2380 auxilii
1015 2338 1114 2381 rumor

63 2410 106 2467 uti
125 2407 285 2484 Ilergetum
307 2408 445 2466 excitarit
463 2408 590 2482 animos,
613 2407 653 2466 ita
675 2405 800 2466 hostium
823 2405 946 2466 consilia
965 2404 1111 2466 discussit.

153 2506 205 2568 32.
246 2505 278 2566 G.
293 2505 419 2582 Caesar,
442 2523 507 2567 cunr
521 2507 550 2564 in
571 2508 702 2585 partibus
715 2506 900 2585 Pompeianis
917 2522 1020 2582 magna
1033 2505 1113 2585 equi·

65 2602 125 2651 tum
148 2589 345 2651 Romanorum
375 2599 456 2649 esset
485 2608 584 2649 manus
611 2609 706 2671 eaque
734 2608 878 2651 armorum
899 2589 1113 2668 magnificentia

64 2676 174 2735 milites
204 2692 275 2735 suos
304 2671 513 2749 confunderet,
541 2691 593 2734 ora
615 2675 780 2754 oculosque
803 2693 903 2735 eorum
925 2675 1030 2752 gladiis
1053 2673 1114 2752 peti

65 2761 168 2835 iussit,
193 2767 223 2819 et
242 2760 285 2817 sic
303 2751 440 2818 'auersam
463 2759 555 2817 aciem
580 2759 689 2817 cedere
712 2759 820 2836 coegit.
1007 2774 1010 2779 ·

152 2858 205 2920 33.
249 2857 395 2929 Vaccaei,
418 2874 482 2916 cum
501 2875 519 2917 a
539 2856 712 2933 Sempronio
736 2855 869 2915 Graccho
887 2857 1002 2916 collatis
1023 2858 1114 2932 signis

65 2950 278 3020 arguerentur,
302 2942 454 3000 universas
476 2941 577 3017 copias
600 2939 718 2997 cinxere
736 2937 890 3014 plaustris,
914 2956 989 3014 quae
1012 2939 1114 3016 imple·

63 3034 170 3087 verant
192 3025 361 3086 fortissimis
377 3024 447 3082 viris
460 3022 594 3083 muliebri
609 3030 694 3082 veste
713 3021 817 3089 tectis;
840 3021 1113 3098 Semproniumque,

64 3120 214 3190 tamquam
243 3108 386 3188 adversus
413 3106 534 3167 feminas
562 3107 712 3166 audentius
739 3104 776 3165 ad
805 3103 983 3164 obsidendos
1012 3104 1115 3163 hostes

62 3202 315 3271 consurgentem,
338 3190 368 3255 hi
391 3191 441 3271 qui
463 3192 492 3248 in
509 3190 647 3269 plaustris
670 3199 753 3250 erant
774 3188 909 3266 adgressi
928 3187 1113 3264 fugaverunt.

153 3292 206 3353 34.
246 3291 394 3355 Eumenes
411 3288 570 3352 Cardianus
593 3308 632 3349 ex
654 3286 878 3350 suecessoribus
893 3285 1065 3362 Alexandri,
1088 3289 1116 3347 in

64 3377 194 3438 castello
218 3376 513 3457 quondumetausus,
536 3373 615 3452 quod
640 3389 785 3432 exercere
803 3388 896 3450 equos
915 3389 973 3431 non
987 3380 1114 3450 poterat,

62 3462 159 3524 certis
173 3460 305 3539 quotidie
317 3459 460 3559 milita
479 3474 531 3517 eos
548 3455 760 3538 suspendebat,
784 3465 814 3516 ut
829 3455 1044 3535 posterioribus
1065 3475 1115 3536 pe·
