2475 3909
211 212 554 267 snnsuucnnmurcou
575 220 645 270 nm.
668 180 721 273 nu.
752 222 829 277 cnr.
850 228 978 281 nv-vn
1075 222 1117 285 dd

71 373 135 441 tes,
160 366 210 444 qui
230 375 288 427 tam
309 363 503 433 detestabiles
519 374 623 454 epulas
645 379 831 442 sustinuisset
851 384 1000 467 experiri,
1022 391 1051 450 in
1068 392 1118 454 de·

71 451 214 511 ditionem
233 462 386 518 venerunt.

159 533 188 593 2,
234 534 277 594 Ti.
302 535 466 613 Gracchus,
494 538 638 604 Lusitanis
668 545 833 608 dicentibus
854 550 883 610 in
903 551 1007 615 decem
1026 575 1118 621 annos

69 617 183 677 cibaria
206 636 239 679 sa
260 619 372 681 habere
394 630 424 681 et
446 622 513 682 ideo
536 624 719 689 obsidionem
739 648 798 691 non
819 652 1034 717 expavescere,
1059 642 1117 704 Un-

68 702 206 776 decimo,
229 704 336 781 inquit,
359 722 434 765 anno
453 723 508 767 vos
527 712 649 787 capiam.
695 712 760 786 Qua
778 732 854 778 voce
875 724 1023 798 perterriti
1036 724 1117 787 Lusi·

69 787 148 859 tani,
171 803 343 866 quamquam
359 790 491 850 instructi
513 795 739 874 commeatibus,
761 802 858 861 statim
878 822 912 863 se
932 806 1115 872 dediderunt.

157 868 187 930 3.
232 871 268 931 Α.
291 870 440 950 Torquato
465 873 606 937 Graecam
627 880 730 941 urbem
749 883 930 963 obpugnanti
949 907 1013 951 cum
1035 894 1115 956 dice·

66 961 167 1028 retur,
196 954 373 1016 iuventutem
401 957 441 1018 ibi
474 960 604 1022 studiose
634 963 736 1025 iaculis
766 976 796 1028 et
823 973 938 1049 sagittis
966 982 1114 1058 exerceri,

66 1037 164 1097 Pluris
189 1056 271 1115 earn,
295 1040 402 1118 inquit,
424 1044 598 1121 propediem
622 1048 753 1109 vendam.

379 1278 383 1283 ,
472 1207 620 1272 carun
650 1213 706 1277 vu.

168 1337 215 1383 Du
237 1337 506 1389 Dusultttcutottn
532 1342 797 1395 PRAESIDIORUH
816 1349 1021 1405 flosutbmtt.

157 1460 185 1517 1.
230 1458 347 1541 Scipio,
375 1461 536 1523 Hannibale
564 1464 593 1522 in
615 1463 746 1525 Africam
770 1484 911 1547 reverso,
941 1478 1113 1555 cum'plura

64 1542 195 1620 oppida,
219 1561 293 1622 quae
315 1548 390 1605 ratio
411 1548 453 1607 illi
477 1550 506 1607 in
528 1556 705 1627 potestatem
723 1550 883 1629 redigenda
905 1555 1042 1637 dictabat,
1065 1562 1112 1623 lir-

63 1627 120 1685 mis
145 1628 300 1705 praesidiis
323 1629 460 1692 diversae
482 1633 573 1711 portis
594 1631 815 1712 obtinerentur,
843 1636 966 1699 subinde
987 1643 1113 1724 aliquam

64 1728 182 1769 manum
206 1710 392 1775 submittebat
412 1716 447 1775 ad
474 1715 636 1776 infestanda
658 1734 704 1778 ea.
748 1718 915 1783 Novissime
934 1726 1019 1787 etiam
1042 1737 1112 1789 tam-

65 1811 152 1872 quam
174 1794 340 1873 direpturus
356 1800 489 1860 civitates
507 1799 624 1868 aderat;
647 1800 754 1862 deinde
776 1805 910 1866 simulato
932 1818 1010 1869 metu
1032 1814 1112 1874 refu·

65 1877 178 1953 glebat.
223 1877 380 1959 Hannibal,
404 1892 484 1943 ratus
506 1901 605 1943 reram
622 1902 690 1945 esse
713 1888 775 1947 eius
797 1888 1037 1973 trepidationem,
1060 1898 1111 1958 de·

64 1962 162 2021 ductis
186 1963 312 2044 undique
337 1968 508 2044 praesidiis,
531 1976 675 2045 tamquam
697 1969 735 2030 de
758 1989 867 2034 summa
888 1993 985 2037 rerum
1007 1979 1112 2043 decre·

63 2054 165 2121 turus,
189 2047 303 2128 insequi
327 2051 435 2129 coepit.
480 2051 521 2111 lta
538 2062 714 2113 consecutus
731 2055 851 2134 Scipio,
874 2061 954 2136 quod
973 2066 1110 2144 petierat,

63 2129 189 2189 nudatas
217 2133 483 2213 propugnatoribus
511 2136 600 2196 urbes
632 2154 687 2216 per
710 2136 892 2224 Masinissam
916 2152 947 2203 et
971 2144 1110 2213 Numidas

61 2216 153 2291 cepit.
273 2220 277 2225 ’

150 2296 181 2362 2.
227 2298 258 2359 P.
292 2299 446 2362 Cornelius
482 2302 600 2383 Scipio,
629 2303 779 2366 intellecta
813 2306 986 2369 difficultate
1018 2331 1109 2392 expu-

60 2380 172 2457 gnandi
193 2382 383 2464 Delminium,
404 2387 469 2465 quia
496 2390 620 2447 omnium
642 2406 786 2451 concursu
809 2391 1037 2472 defendebatur,
1059 2397 1109 2457 ad·

60 2466 148 2541 gredi
177 2466 233 2527 alia
264 2471 373 2548 oppida
408 2472 521 2548 coepit;
554 2480 583 2531 et
612 2475 744 2533 euocatis
777 2475 814 2535 ad
848 2494 900 2536 sua
925 2478 1109 2542 defendenda

61 2549 204 2627 singulis,
226 2563 376 2613 vacuatam
397 2554 511 2615 auxiliis
532 2554 708 2617 Delminium
730 2560 817 2638 cepit.
979 2622 985 2631 ,

150 2632 180 2694 3.
223 2633 349 2710 Pyrrhus
367 2636 551 2717 Epirotarum
568 2658 622 2699 rex
636 2641 777 2702 adversus
794 2643 927 2720 lllyrios,
951 2665 1015 2708 cum
1038 2650 1108 2710 ciri·

60 2724 153 2775 tatem
182 2735 257 2796 quae
285 2730 373 2799 caput
399 2724 495 2799 gentis
523 2732 587 2783 erat
615 2725 753 2801 redigere
775 2728 804 2785 in
830 2738 1006 2805 potestatem
1027 2752 1109 2794 suam

62 2799 174 2877 vellet,
198 2804 261 2863 eius
283 2804 492 2884 desperatione
519 2816 636 2865 ceteras
658 2807 747 2866 urbes
770 2817 874 2886 petere
897 2816 1013 2890 coepit;
1037 2834 1108 2877 con-

61 2892 242 2964 secutusque
270 2898 331 2965 est,
361 2898 392 2948 ut
419 2890 521 2950 bostes
548 2889 654 2949 fiducia
681 2890 763 2973 velut
787 2893 858 2968 satis
879 2896 1005 2954 munitae
1026 2900 1107 2958 urbis

62 2968 126 3027 eius
145 2969 181 3029 ad
196 2971 315 3034 tutelam
332 2972 450 3033 aliarum
466 2972 678 3034 dilaberentur:
703 2989 760 3049 quo
781 2972 860 3033 iacto
879 2979 1028 3037 revocatis
1043 2982 1108 3059 ipse

60 3065 162 3111 rursus
183 3055 315 3114 omnibus
335 3058 397 3116 suis
416 3074 537 3117 vacuam
559 3074 624 3117 eam
642 3055 846 3117 defensoribus
870 3059 958 3136 cepit.

147 3138 178 3197 4.
214 3136 369 3200 Cornelius
381 3140 500 3201 Rufinus
518 3141 640 3221 consul,
654 3158 716 3200 cum
729 3141 875 3221 aliquanto
888 3151 1022 3221 tempore
1034 3143 1107 3207 Cro·
1133 3164 1137 3169 ’

61 3228 130 3279 tona
153 3222 294 3299 oppidum
319 3223 427 3287 frustra
455 3224 639 3301 obsedisset,
665 3226 744 3305 quod
765 3225 994 3305 inexpugnabile
1015 3229 1105 3304 iacie-

60 3301 109 3363 bat
133 3304 285 3385 adsumpta
310 3308 339 3366 in
367 3308 543 3386 praesidium
564 3308 745 3368 Lucanorum
765 3328 882 3386 manus,
906 3311 1049 3375 simulavit
1063 3335 1106 3397 sc

59 3395 170 3466 coepto
197 3384 356 3459 desistere}
387 3392 532 3470 captivum
555 3392 661 3451 deinde
683 3410 789 3470 magno
810 3397 940 3473 praemio
964 3398 1104 3462 sollicita·

59 3477 117 3530 tum
133 3472 212 3533 misit
228 3470 375 3550 Crotona,
401 3476 466 3551 qui,
489 3482 634 3552 tamquam
649 3494 687 3535 ex
703 3478 836 3539 custodia
850 3479 1020 3558 effugisset,
1037 3502 1104 3561 per·

97 3589 219 3632 raons.
244 3592 359 3633 sunau.
872 3578 891 3637 5
