2475 3909
504 236 684 291 emmonis.
1094 244 1144 290 vn

88 400 215 455 omnibus
227 398 364 466 subsidite,
385 410 459 470 enee
468 398 508 453 ed
526 399 557 455 id
568 404 675 472 teinpne
689 402 912 455 reservaverunt.
927 391 1142 479 ulterioreni)
1236 467 1237 478 χ

88 485 129 539 lta
144 500 215 539 mss.
233 490 261 539 et
282 482 350 539 edd.
372 488 440 552 vet,
464 498 521 537 non
547 483 665 539 abeunti.
709 482 876 553 Pompeius,
898 486 984 539 rebus
1012 486 1140 541 consulto

89 567 282 639 praeparatis,
296 564 372 622 hosti
388 567 464 621 viam
481 568 673 636 obstruxerat,
696 581 818 635 eumque
836 567 937 622 eastris
952 568 1035 624 motis
1054 566 1140 623 adse

90 650 365 722 adpropinquantem
384 648 556 719 (adeuntem)
570 651 607 706 ad
626 635 813 724 pugnandum
828 651 932 721 coegit.
953 642 968 729 ΙΙ
989 657 1031 710 15.
1041 652 1141 723 plurib

89 750 144 789 nen
154 735 245 789 uelum
260 734 312 790 aed
324 740 351 790 et
361 735 427 803 lae.)
455 734 496 789 lta
509 734 633 805 restitui,
657 734 776 789 ducibus
799 733 882 789 simol
902 734 1036 790 librorum
1050 736 1141 791 vesti·

89 818 157 889 gils.
188 814 276 890 vulg.
297 818 406 891 fertum
428 818 527 874 tuneo
546 824 574 874 et
582 819 682 889 pluuia
695 832 751 873 non
771 818 859 873 aetem
873 820 965 875 eume
978 819 1030 874 red
1045 825 1073 874 et
1087 820 1139 875 tue.

90 901 185 957 HostIs
202 902 295 957 tessus
313 905 373 957 erat
388 900 504 965 stando;
524 902 639 973 lamque
654 916 711 957 non
725 901 822 972 pluvie
838 903 944 966 solum,
965 918 1048 973 quam
1065 902 1139 959 dixi-

90 1000 162 1055 mus,
178 986 302 1040 animum
319 987 345 1041 ei
355 984 468 1053 ademit,
487 984 539 1041 sed
553 991 702 1057 praeterea
718 984 801 1040 etiam
815 984 953 1041 lassitudo
970 986 1139 1055 (astando).

177 1067 243 1140 Gap.
259 1068 293 1123 ll.
307 1072 334 1125 4.
343 1069 482 1139 peditum)
502 1069 576 1125 Libri
595 1070 705 1141 pedites
719 1074 747 1124 et
760 1069 891 1140 peditent.
925 1070 1072 1126 Insecutus
1096 1074 1140 1126 est

88 1153 241 1223 equitatum
256 1168 371 1223 regum,
398 1152 445 1223 qui
474 1152 502 1206 in
518 1154 612 1225 lugam
629 1168 749 1209 aversus
768 1158 812 1208 est
835 1158 863 1207 et
885 1158 992 1224 partem
1011 1152 1139 1225 pediturn

89 1235 247 1291 eorundem
265 1251 363 1307 regum
376 1236 567 1308 proturbabat.
584 1228 598 1316 ΙΙ
612 1243 639 1296 5.
654 1237 752 1310 quibus
773 1250 811 1292 ex
827 1236 898 1309 lente.
915 1250 983 1293 uene
997 1238 1052 1306 eet)
1070 1238 1088 1293 i.
1110 1252 1137 1291 e.

89 1320 195 1401 quipus
212 1320 249 1374 uti
265 1320 362 1375 solent.
390 1318 571 1391 Superfluum
584 1319 814 1376 additamentum.
834 1320 955 1375 Videtur
970 1320 1138 1392 legendume

89 1408 122 1457 ut
139 1408 166 1457 et
176 1404 285 1475 sepittie,
304 1403 397 1474 quibus
412 1418 450 1459 ere
461 1405 533 1477 lmen.
546 1418 615 1459 uene
628 1409 671 1458 eet
681 1404 721 1471 (V
722 1402 867 1470 emidius),
884 1408 913 1457 et
922 1405 1073 1459 eommtnue
1085 1402 1138 1458 ed·

83 1486 211 1557 pliciter,
229 1488 366 1543 uictoriam
392 1487 508 1543 neruum
528 1478 659 1542 eluderet.
700 1486 741 1541 lte
760 1486 853 1556 mugio
878 1486 1044 1539 conveniret
1066 1486 1139 1540 iuter

87 1570 216 1626 Frontini
237 1576 264 1625 et
281 1568 379 1626 Dionis
399 1568 490 1627 Cassii
511 1569 619 1641 (XLIX.
639 1569 901 1638 dementationem.
935 1568 1138 1637 librteuinue,

88 1669 141 1724 pro
157 1661 184 1708 et
193 1656 349 1710 comminue
364 1646 379 1733 ΙΙ
394 1656 420 1712 7.
450 1652 593 1711 Volturno
611 1654 780 1727 Verpellum)
794 1653 867 1707 Ante
885 1667 946 1706 me:
975 1651 1139 1709 Veliternum

89 1752 208 1793 emnem.
238 1737 279 1794 lle
293 1754 324 1792 re
340 1737 387 1794 adi
402 1739 577 1810 interpreter.
593 1729 607 1818 [Ι
624 1743 666 1799 10.
681 1735 852 1810 profluebat)
874 1737 923 1806 „in
937 1734 1033 1791 hohen
1051 1736 1139 1796 Uiern

89 1819 181 1876 dahin-
194 1823 336 1879 strdmte.“
374 1821 428 1876 Rei
443 1823 656 1883 convenientius
672 1836 737 1877 esse
757 1820 871 1878 videtur
880 1821 1057 1896 praefluebat
1075 1822 1095 1877 i.
1112 1838 1138 1879 e.

88 1904 233 1976 praeterii·
248 1897 261 1983 Η
278 1909 319 1963 ll.
332 1920 394 1962 eum
404 1936 446 1946 -
460 1906 599 1961 erutodiee
609 1906 712 1975 errem)
727 1905 817 1961 llbri=
832 1906 973 1961 cunetae
985 1911 1033 1974 eet,
1044 1910 1137 1961 eneto-

89 1990 153 2044 diae
182 1995 261 2059 erret,
291 1991 413 2046 euetodin
441 1996 519 2045 erret.
563 1988 623 2045 Sed
653 1988 700 2044 ed.
731 1989 840 2046 Bonon.
870 1990 1011 2045 custodiae
1036 1994 1136 2046 essent.

88 2072 174 2143 Vulg.
200 2072 266 2129 dnm
279 2102 321 2113 —
336 2074 458 2129 custodie
479 2079 527 2129 eet.
543 2064 556 2151 Η
571 2072 713 2142 barbarie)
728 2071 814 2145 Vulg.
839 2072 918 2129 dietis
938 2072 1034 2141 berb,
1061 2071 1138 2144 quod

90 2155 312 2213 additamentum
327 2158 424 2231 optImi
440 2156 524 2214 codd.
540 2158 682 2229 ignorant.

177 2238 244 2311 Cap.
259 2241 304 2295 ΠΙ.
322 2247 347 2299 l.
365 2242 460 2313 adop.
475 2239 613 2309 Indibilis)
627 2240 712 2310 Vulg.
729 2235 854 2293 Indibile.
876 2237 964 2292 Libri:
980 2236 1137 2303 Indibilem

89 2322 234 2383 Intibilem.
271 2324 344 2381 Oud.
369 2324 506 2383 Intibilim.
539 2324 582 2379 Ex
607 2329 704 2378 nostra
727 2323 835 2377 tallone
862 2320 955 2374 omnia
980 2325 1139 2391 congruunt

89 2424 154 2464 eum
173 2408 233 2464 Liv.
252 2408 325 2467 XXI.
345 2414 381 2469 60
401 2400 550 2481 et‘Polyb.
568 2408 601 2463 ll.
624 2410 667 2469 ld
697 2406 741 2463 Ne
763 2405 820 2461 hue
838 2405 945 2459 referas
965 2402 1025 2458 Liv.
1039 2402 1139 2459 XXIII.

87 2496 134 2551 49.
166 2491 282 2549 Maximi
300 2494 433 2548 momenti
447 2498 496 2557 est,
510 2492 586 2563 quod
597 2492 697 2547 Hanno
708 2492 826 2562 eapitur.
858 2488 984 2545 Indibilis
998 2503 1050 2543 rex
1061 2486 1139 2559 apud

87 2576 189 2647 Polyb.
205 2578 363 2632 nomiuatur
373 2576 538 2644 Andebelet,
554 2576 635 2631 euius
650 2574 784 2647 oppidum
799 2574 887 2641 Cissa,
903 2572 979 2644 apud
987 2574 1048 2629 Liv.
1062 2570 1137 2628 Seit-

87 2661 137 2715 sie.
155 2651 168 2737 Η
182 2666 209 2718 2.
219 2662 391 2733 proflipuuit)
407 2662 425 2718 i.
441 2677 466 2715 e.
485 2659 604 2717 dicione
618 2660 723 2731 potitus
739 2662 792 2714 est.
811 2649 826 2737 {l
845 2661 872 2716 3.
888 2658 984 2725 totam)
998 2658 1095 2711 Verba
1109 2658 1138 2709 in

89 2744 169 2799 libris
183 2744 384 2815 praecedentIa
394 2746 494 2801 dentre
507 2760 596 2799 cornu
610 2760 673 2801 eum
696 2743 759 2799 aIIIs
777 2742 845 2798 viris
862 2741 953 2796 doetis
974 2741 1054 2797 eieei.
1075 2730 1089 2818 ΙΙ
1108 2743 1136 2796 4.

85 2827 163 2898 firm.
181 2828 277 2883 milites
291 2829 356 2900 lep.)
380 2828 546 2895 emendavi,
568 2844 634 2898 pror
657 2828 733 2897 firm.
752 2828 782 2881 id
801 2827 905 2897 estlep.
939 2826 1034 2879 Verba
1047 2824 1078 2877 id
1098 2828 1140 2878 ert

87 2912 122 2978 (i.
137 2913 177 2980 e.)
192 2911 239 2966 hie
255 2911 356 2966 eodem
371 2912 456 2969 modo
477 2911 634 2982 depravata
646 2916 719 2974 sunt,
734 2914 765 2962 ut
780 2908 801 2962 1.
818 2912 844 2970 e„
860 2913 878 2965 3
898 2907 942 2961 tbi.
972 2906 1138 2975 lnteIIIgitur

86 2994 176 3051 robur
196 2995 340 3067 lepionum,
368 2997 413 3051 eui
439 2998 617 3067 opponuntur
642 2991 723 3047 socii.
751 2982 765 3069 ΙΙ
794 2994 821 3046 5.
841 2990 1026 3059 confltetetne)
1043 3002 1139 3039 emen·

89 3077 168 3147 davi,
183 3094 236 3149 pro
252 3081 411 3152 continentie.
426 3069 440 3159 ll
466 3082 492 3139 3.
506 3077 625 3146 anteibo)
640 3076 715 3132 Libri
730 3076 759 3129 in
773 3073 889 3127 auxilio.
908 3071 993 3141 vulg.
1011 3072 1040 3124 in
1056 3072 1138 3125 euni·

86 3162 164 3218 bum.
180 3153 194 3240 ΙΙ
209 3166 252 3221 16.
263 3164 372 3235 pedites
390 3166 468 3234 euos)
480 3160 530 3218 'hie
544 3160 741 3229 inserendum,
758 3157 855 3213 militen
875 3157 953 3229 (post
972 3155 1062 3221 iussit)
1088 3170 1137 3210 ex·

85 3246 285 3319 pungendum,
302 3246 424 3319 denique
441 3262 493 3319 pro
509 3244 634 3301 miliiibus
652 3242 831 3301 scribendum
850 3256 915 3297 esse
928 3240 1063 3311 peditibus
1083 3256 1137 3314 pu-

86 3331 155 3397 tavi,
183 3336 212 3385 et
234 3332 320 3387 reita
345 3330 488 3403 flagitante
511 3336 539 3386 et
564 3330 699 3385 librorum
723 3326 933 3398 perturbatione
957 3339 1015 3380 non
1035 3322 1139 3378 adver·

86 3420 180 3470 sanie·
200 3405 215 3493 Η
237 3420 280 3475 16.
295 3416 422 3489 pepulit)
441 3415 515 3471 Ante
527 3430 580 3477 'me
595 3412 735 3485 partiens.
762 3411 808 3467 An
830 3409 1002 3483 repionibut?
1014 3405 1138 3464 ¹illversi

85 3498 186 3570 populi
202 3500 274 3555 inira
284 3502 470 3556 nominantur.
485 3490 501 3575 ll
513 3502 544 3554 nt
553 3496 612 3570 sup.
624 3512 679 3552 nen
689 3490 738 3569 p.)
753 3495 793 3550 lta
809 3509 825 3549 e
837 3494 918 3551 Livio
931 3488 1136 3564 reponendum.
