2475 3909
190 241 240 289 nn
261 241 380 302 nonan
402 241 577 293 occursus
599 244 702 294 onem
724 244 847 294 comae
870 245 986 294 crena.
1056 236 1112 299 131

52 414 166 476 magno
194 397 304 458 auxilio
332 415 424 474 egere
453 398 602 478 incipiant.
647 399 822 479 Plerumque
854 409 951 462 tamen
981 402 1115 479 prudenti

55 491 293 567 temperamento
320 483 503 550 sustinenda;
533 484 600 561 quia
623 501 680 543 non
702 502 821 563 semper
842 502 918 563 opus
942 495 991 546 aut
1013 485 1114 546 iacere

55 577 108 628 aut
131 567 272 645 ampliare
296 565 505 646 quaerentibus
527 567 706 629 credendum
732 577 797 628 est-
833 567 965 647 Ideoque
988 586 1046 628 non
1066 586 1114 629 so·

54 653 118 713 lum
143 653 265 712 scientia
283 652 461 730 peritorum,
483 650 537 711 sed
556 660 587 710 et
606 653 731 730 proprio
751 670 803 712 usu
821 655 1115 714 curator'instructus

57 754 132 797 esse
159 735 264 811 debet,
298 753 355 795 nec
383 753 454 796 suae
481 744 589 796 tantum
617 737 751 797 stationis
778 737 948 798 architectis
970 739 1027 813 uti,
1060 737 1115 800 sed

55 821 186 900 plurium
215 820 366 880 advocare
392 836 451 880 non
478 820 571 880 minus
598 820 702 896 iidem,
736 838 822 899 quam
849 821 1055 897 subtilitatem,
1085 829 1114 882 ut

56 905 212 977 aestimet,
235 922 311 983 quae
333 904 600 982 repraesentanda,
624 922 699 983 quae
721 904 881 966 differenda
904 906 977 982 sint,
1002 915 1031 966 et
1051 921 1113 965 rur·

58 1008 129 1064 sus,
159 1007 235 1068 quae
258 1007 313 1066 per
334 987 540 1067 redemptores
565 988 644 1048 ellici
665 987 810 1065 debeant,
836 1007 912 1069 quae
937 1008 993 1068 per
1014 991 1112 1050 dome·

57 1075 153 1134 sticos
187 1073 326 1133 artifices.
378 1071 485 1152 (120.)
529 1071 695 1133 Nascuntur
728 1090 820 1152 opera
852 1093 890 1134 ex
924 1075 969 1134 bis
999 1075 1112 1136 causis:

58 1167 108 1218 aut
128 1157 198 1238 quid
221 1153 367 1218 velustate
393 1159 604 1236 corrumpitur,
631 1167 682 1218 aut
702 1160 871 1237 impotentia
892 1174 1112 1238 possessorum,

58 1251 110 1303 aut
133 1243 162 1302 vi
181 1251 404 1321 tempestatum,
433 1251 482 1302 aut
503 1242 591 1321 culpa
613 1242 689 1302 male
712 1243 782 1302 iacti
802 1244 921 1321 operis,
945 1243 1024 1320 quod
1047 1259 1112 1302 sae·

58 1329 130 1408 pius
158 1327 261 1388 accidit
286 1329 315 1386 in
336 1327 516 1388 recentibus.
562 1325 670 1405 (121.)
715 1324 792 1386 Fere
819 1335 869 1386 aut
893 1335 1040 1386 vetustate
1063 1335 1113 1385 aut

58 1413 90 1471 vi
122 1420 324 1489 tempestatum
359 1421 459 1490 partes
487 1411 623 1472 ductuum
649 1408 798 1484 laborant,
834 1425 910 1488 quae
939 1409 1112 1470 arcuationi·

56 1498 115 1556 bus
137 1498 315 1556 sustinentur
336 1505 385 1556 ant
405 1496 544 1555 montium
567 1493 708 1554 lateribus
732 1493 896 1571 adplicatae
920 1501 1001 1566 sunt,
1025 1501 1055 1551 et
1075 1510 1113 1552 ex

57 1580 278 1641 arcuationibus
314 1597 386 1656 eae,
426 1597 503 1658 quae
531 1597 587 1658 per
615 1578 721 1638 flumen
749 1579 930 1638 traiciuntur.
980 1574 1112 1654 ideoque

56 1667 135 1726 haec
158 1682 251 1744 opera
275 1664 403 1726 sollicita
425 1664 613 1725 festinatione
637 1661 812 1742 explicanda
834 1670 909 1722 sunt.
952 1659 1046 1722 Minus
1071 1662 1112 1720 in·

56 1752 152 1810 iuriae
174 1749 327 1809 subiacent
348 1748 555 1823 subterranea,
579 1765 635 1807 nec
655 1747 802 1824 gelicidiis
822 1763 878 1806 nec
897 1744 1044 1805 caloribus
1061 1762 1112 1808 en:

56 1836 167 1915 posita.
212 1832 288 1894 Vitia
317 1842 411 1904 autem
439 1833 582 1894 eiusmodi
608 1840 691 1907 sunt,
719 1840 750 1896 ut
773 1840 821 1890 aut
843 1847 901 1890 nou
924 1828 1112 1907 interpellato

57 1937 156 1998 aquae
172 1937 257 1978 cursu
274 1917 462 1984 subveniatur
477 1917 536 1992 eis,
554 1925 602 1977 aut
617 1916 765 1979 emendari
780 1916 835 1976 nisi
850 1931 956 1976 auerso
972 1930 1031 1974 non
1042 1930 1111 1991 pos·

58 2005 128 2077 sint,
146 2005 222 2063 sicut
238 2020 283 2078 ea,
300 2020 376 2081 quae
391 2004 420 2062 in
431 2002 496 2080 ipsc
510 2000 596 2060 alueo
610 2001 673 2060 lieri
687 2018 814 2060 necesse
827 2010 881 2060 est.
907 1996 1014 2076 (122.)
1030 1996 1113 2057 llaec

58 2088 171 2167 duplici
194 2106 232 2147 en
255 2105 344 2148 causa
362 2095 536 2146 nascuntur:
560 2093 609 2144 aut
631 2086 706 2144 enim
723 2085 791 2144 limo
808 2092 1039 2158 concrescente,
1063 2083 1113 2160 qui

56 2171 205 2233 interdum
231 2173 260 2231 in
289 2182 416 2232 crustam
446 2171 627 2245 indurescit,
660 2169 718 2228 iter
745 2185 839 2245 aquae
866 2177 1030 2234 coartatur;
1064 2174 1113 2226 aut

56 2257 186 2317 tectoria
204 2265 442 2334 corrumpuntur,
465 2255 542 2315 unde
557 2254 627 2314 liunt
644 2254 840 2328 manationes,
864 2250 970 2329 quibus
985 2267 1112 2310 necesse

59 2351 106 2402 est
134 2341 228 2401 latera
253 2341 381 2402 rivorum
408 2349 439 2400 et
466 2339 701 2400 substmctiones
730 2336 834 2397 vitiari.
885 2334 965 2394 Pilae
993 2350 1112 2413 quoque

56 2429 146 2505 ipsae
168 2425 231 2484 toio
254 2434 425 2486 exstructae
447 2424 500 2484 sub
517 2433 574 2485 tam
590 2438 695 2500 magno
712 2439 804 2481 onere
820 2418 964 2480 labuntur.
1005 2417 1111 2492 Relici,

58 2511 238 2590 qunecirca
260 2508 364 2569 alveos
384 2517 451 2570 sunt
471 2509 617 2584 rivomm,
646 2515 759 2568 aestate
781 2523 838 2566 non
862 2502 1047 2580 debentpne
1070 2503 1112 2560 in-

57 2597 234 2656 termittatur
248 2613 319 2656 usus
334 2603 485 2674 tempore,
504 2610 562 2672 quo
577 2593 738 2672 praecipue
754 2591 952 2658 desideratum
975 2587 1028 2648 sed
1040 2603 1113 2646 vere

57 2681 109 2740 vel
133 2689 288 2754 autumno,
317 2688 347 2740 et
369 2681 492 2740 maxima
514 2696 578 2738 cum
599 2676 803 2750 festinatione,
834 2684 882 2751 ut,
911 2674 1026 2734 scilicet
1045 2680 1112 2731 ante

59 2765 244 2844 praeparatis
274 2764 423 2839 omnibus,
456 2781 540 2840 quam
565 2759 748 2841 paucissimis
776 2757 879 2818 diebus
906 2759 961 2816 rivi
982 2765 1111 2825 cessent.

57 2849 212 2909 Neminem
234 2849 326 2926 fugit,
349 2865 404 2926 per
425 2845 558 2922 singulos
578 2844 682 2903 ductus
699 2841 758 2900 hoc
776 2859 845 2900 esse
863 2841 1043 2914 laciendum,
1063 2857 1111 2914 ne,

58 2936 84 2993 si
104 2933 208 3012 plures
230 2933 341 3014 pariter
358 2938 541 3004 avertantur,
564 2926 641 2988 desit
657 2941 732 3002 aqua
749 2924 868 2984 civitati.
915 2922 1021 3001 (123.)
1057 2921 1111 2994 Ea,

59 3035 136 3096 quae
166 3034 225 3077 non
255 3015 443 3097 interpellato
473 3029 566 3091 aquae
597 3027 685 3071 cursu
717 3008 797 3069 cilici
828 3006 954 3082 debent,
988 3006 1111 3064 maxime

58 3110 207 3162 structura
230 3109 381 3175 constant,
411 3116 496 3177 quam
517 3106 548 3157 et
569 3097 630 3156 suis
652 3092 833 3172 temporibus
857 3100 887 3151 et
907 3090 1024 3150 fidelem
1047 3089 1112 3146 lieri

58 3195 191 3266 oportet.
235 3185 376 3246 ldoneum
397 3191 561 3245 structurae
581 3191 696 3258 tempus
711 3187 757 3238 est
772 3196 789 3239 a
804 3174 943 3236 Kalendis
960 3170 1112 3251 Aprilibus

57 3274 87 3330 in
107 3270 258 3331 llalendas
280 3268 482 3330 Novembres:
505 3267 544 3325 ita
567 3274 598 3325 ut
621 3264 759 3342 optimum
778 3261 815 3322 sit
836 3260 1026 3320 intermittere
1048 3272 1111 3314 eam

59 3364 174 3434 partem
196 3355 334 3430 aestatis,
359 3369 436 3433 quae
457 3350 550 3410 nimiis
572 3347 721 3408 caloribus
737 3345 932 3418 incandescit3
957 3341 1023 3422 quia
1040 3348 1110 3399 tem·

58 3449 233 3519 peremento
257 3439 336 3499 coeli
357 3455 433 3518 opus
454 3442 516 3510 est,
538 3442 569 3492 ut
589 3449 629 3494 ex
650 3431 771 3492 humore
792 3428 945 3490 commode
968 3432 1111 3486 structura

58 3524 209 3586 combibat
224 3532 254 3584 et
268 3525 297 3583 in
311 3523 423 3606 unitate
438 3517 659 3579 corroboretur.
704 3515 770 3576 Non
785 3515 877 3574 minus
893 3521 1005 3586 autem,
1026 3527 1111 3589 quatu

853 3611 897 3672 9*
