2475 3909
207 172 259 220 na
279 172 595 248 sousa-nucarum
616 177 719 231 unare
741 180 863 230 aomos
886 184 1002 234 crana.
1072 177 1132 266 129

54 327 207 405 exempli
230 340 320 388 causa
338 329 495 406 attingere.
539 330 710 410 ampliores
731 336 871 414 quasdam
894 339 1022 417 calices,
1046 361 1130 420 quam

54 413 223 490 impetrati
253 421 354 488 eram,
383 414 499 491 positos
520 415 549 472 in
568 415 720 497 plerisque
744 420 875 483 castellis
897 424 1011 500 inveni,
1041 435 1070 486 et
1092 446 1130 488 ex

56 498 100 556 iis
140 495 263 575 aliquos
294 514 332 556 ne
361 498 493 574 signatos
521 499 648 577 quidem.
700 501 842 577 Quotiens
870 515 966 568 autem
998 509 1129 586 signatus

58 579 151 642 calix
175 581 299 642 excedit
320 581 479 658 legitimam
500 601 680 661 mensnram,
703 587 821 648 ambitio
837 593 1058 669 procuratoris,
1080 596 1129 672 qui

59 683 139 724 euna
167 665 312 742 signavit,
340 666 504 743 detegitur:
534 685 600 728 cum
623 687 696 730 vera
719 689 756 730 ne
780 673 909 749 signatus
932 675 1048 754 quidem
1070 685 1127 755 est,

58 747 227 827 manifesta
250 749 338 828 culpa
359 751 501 826 omnium,
527 753 651 812 maxime
673 756 863 833 accipientis,
885 758 1126 840 deprehenditur,

61 834 179 894 deinde
199 834 290 894 vilici.
335 833 368 896 ln
382 833 573 912 quibusdam,
595 855 660 896 cum
678 837 790 900 calices
805 840 954 918 legitimae
971 861 1126 906 mensurae

61 919 178 994 signati
201 928 318 994 essent,
340 921 435 978 statim
455 919 606 997 amplioris
625 921 734 982 moduli
756 923 870 984 tistulae
890 926 1042 988 subiectae
1062 929 1124 990 lue·

61 1011 153 1062 runt:
184 1001 262 1062 unde
290 1002 457 1078 acciderat,
487 1011 518 1062 ut
543 1021 635 1081 aqua,
664 1023 721 1066 non
744 1025 798 1086 per
818 1009 977 1086 legitimum
1000 1015 1124 1091 spatium

63 1088 221 1161 coercita,
243 1087 297 1146 sed
321 1105 376 1164 per
395 1087 504 1147 breves
525 1091 673 1165 angustias
692 1109 852 1170 expressa,
875 1095 964 1156 lacile
980 1095 1123 1158 laxiorem

62 1174 94 1231 in
114 1173 254 1248 proximo
274 1171 401 1232 betulam
422 1171 569 1249 impleret.
613 1171 744 1252 ldaoque
766 1176 836 1237 illud
853 1178 962 1256 adbuc,
986 1183 1122 1258 quotiens

62 1257 205 1331 signatur
227 1255 320 1331 calix,
344 1255 513 1334 diligentiae
535 1256 719 1318 adiciendam
740 1267 802 1334 est,
826 1269 856 1318 ut
870 1261 984 1321 listulas
1003 1281 1121 1344 quoque

63 1340 226 1417 proximae
244 1358 296 1418 per
318 1343 458 1418 spatium,
482 1340 560 1419 quod
581 1349 700 1400 senatus
722 1341 856 1402 consulto
877 1345 1121 1422 comprehensum

62 1423 210 1498 diximus,
238 1426 399 1500 signentur.
444 1424 486 1484 lta
515 1425 629 1484 demum
659 1425 734 1484 enim
762 1425 883 1502 vilicus,
915 1444 979 1488 cum
1007 1431 1119 1508 scierit,

61 1523 125 1567 non
144 1507 233 1567 aliter
253 1527 339 1586 quam
359 1510 491 1587 signatos
514 1508 666 1570 conlocari
686 1507 814 1586 debere,
838 1511 915 1570 omni
939 1511 1051 1575 carebit
1069 1531 1118 1574 ex·

62 1595 230 1654 cassatione.

155 1677 227 1738 113.
273 1675 359 1738 Circa
381 1677 582 1738 conlocandos
600 1695 718 1757 quoque
736 1676 844 1738 calices
861 1675 1014 1739 observari
1030 1697 1117 1760 opor-

61 1771 126 1837 tet,
152 1771 184 1822 ut
204 1761 241 1822 ad
261 1763 367 1822 lineam
389 1761 573 1838 ordinentur,
599 1781 654 1822 nec
673 1762 793 1822 alterius
813 1761 936 1823 inferior
958 1762 1052 1840 calix,
1076 1763 1117 1824 al·

63 1847 157 1906 terius
179 1847 316 1924 superior
336 1855 471 1924 ponatur.
515 1846 640 1906 lnlerior
664 1847 729 1925 plus
751 1845 851 1914 trahit;
877 1847 1028 1924 superior,
1050 1849 1117 1926 quia

63 1947 170 1990 curans
189 1948 283 2009 aquae
302 1931 338 1992 ab
358 1931 498 1990 inferiore
514 1932 641 2008 rapitur,
661 1932 754 1990 minus
773 1930 862 1990 ducit.
886 1928 919 1989 ln
935 1931 1116 2010 quorundam

64 2015 170 2074 fistulis
191 2034 228 2074 na
253 2015 363 2076 calices
388 2015 505 2094 quidem
529 2015 618 2091 positi
640 2014 734 2074 luere.
780 2013 842 2074 Hae
863 2014 977 2076 listulae
1000 2015 1118 2076 solutae

64 2108 223 2174 vocantur,
246 2109 293 2173 et,
320 2109 351 2159 ut
372 2100 492 2176 aquaria
512 2097 611 2173 libuit,
636 2097 770 2158 laxantur
790 2099 840 2158 vel
863 2107 1039 2160 coartantur.
1120 2172 1125 2180 ,

154 2185 223 2244 114.
268 2183 374 2244 Adbuc
408 2183 460 2243 illa
497 2183 683 2259 aquariorum
716 2179 908 2242 intolerabilis
938 2181 1019 2242 fraus
1052 2193 1112 2244 est:

64 2267 203 2328 translata
217 2270 246 2329 in
260 2285 366 2328 novum
381 2283 588 2346 possessorem
603 2283 693 2346 aqua,
717 2264 849 2324 loramen
864 2281 969 2324 novum
989 2267 1112 2326 castello

64 2354 227 2430 imponunt;
258 2362 343 2412 vetus
367 2353 549 2431 relinquunt,
578 2367 637 2428 quo
663 2349 797 2410 venalem
822 2347 975 2408 extrahunt
998 2366 1111 2428 aquarn.

64 2436 213 2514 Inprimis
231 2453 304 2514 ergo
322 2435 522 2516 lroc⁸quoque
545 2433 754 2496 emendandum
776 2432 902 2493 curatori
922 2431 1110 2502 crediderim;

65 2537 124 2580 non
149 2522 225 2581 enim
248 2521 343 2582 solum
364 2521 402 2582 ad
427 2521 553 2598 ipsarum
576 2536 715 2596 aquarum
741 2518 919 2595 custodiam,
950 2517 1112 2580 sedetiam

65 2605 101 2664 ad
129 2605 243 2666 castelli
271 2605 393 2666 tutelam
419 2606 564 2682 pertinet,
594 2603 692 2680 quod,
726 2601 849 2664 subinde
879 2612 909 2664 et
936 2603 999 2664 sine
1023 2621 1111 2664 causa

64 2689 200 2763 lanatum,
221 2690 347 2749 vitiatur.

149 2774 218 2834 115.
262 2772 358 2834 Etiam
379 2771 430 2830 ille
449 2771 636 2850 aquariorum
651 2766 798 2828 tollendas
814 2777 859 2828 est
875 2769 1001 2844 reditus,
1023 2789 1109 2850 quem

65 2865 166 2916 vocant
178 2866 296 2934 puncta.
327 2856 428 2932 Longa
442 2872 478 2914 ao
492 2853 609 2928 diversa
627 2859 691 2911 sunt
705 2851 816 2928 spatia,
836 2868 891 2928 per
903 2868 979 2929 quae
995 2851 1109 2913 listulas

67 2951 124 3001 tota
142 2950 236 3001 meant
254 2940 344 3017 arbe,
373 2939 500 3004 latentes
522 2935 575 2995 sab
595 2935 690 2995 silica.
735 2932 794 2993 llas
811 2933 942 3012 comperi
962 2950 1107 3012 pereum,

67 3027 113 3103 qui
131 3024 332 3102 adpellabatur
353 3043 370 3084 a
390 3023 521 3101 punctis,
546 3020 654 3097 passim
678 3017 903 3078 convulneratus
926 3015 1057 3076 omnibus
1081 3018 1108 3076 in

65 3110 179 3168 transitu
199 3107 447 3186 negotiationibus
466 3103 638 3184 praebuisse
654 3099 851 3180 peculiaribus
868 3098 972 3163 listulis
988 3117 1107 3178 aquam:

67 3209 122 3269 quo
150 3191 349 3268 eliciebatur,
379 3199 410 3250 ot
438 3189 564 3264 exiguus
590 3187 693 3246 modus
721 3185 757 3248 ad
785 3203 854 3244 usus
880 3183 1016 3266 publicos
1039 3201 1106 3263 per-

67 3278 182 3336 veniret.
226 3275 370 3350 Quantum
396 3293 434 3334 ex
459 3272 516 3332 bac
544 3271 746 3330 emendatione
773 3287 865 3348 aquae
888 3276 1034 3328 servatum
1058 3269 1105 3343 sit,

68 3361 181 3421 aestimo
208 3379 247 3422 ex
273 3378 328 3436 ea,
358 3357 436 3437 quod
465 3355 641 3433 aliquantum
666 3353 791 3433 plumbi,
820 3353 941 3416 sublatis
965 3353 1106 3428 eiusmodi

68 3446 163 3519 ramis,
184 3444 334 3504 redactam
357 3452 412 3503 esa

106 3563 219 3605 PRONT.
244 3563 359 3604 STRAT.
874 3535 892 3594 9
