2475 3909
441 218 517 267 SEX.
537 218 627 269 tumn
648 218 819 270 FBONTINI

530 371 739 437 turult.

432 504 498 552 ns
540 503 843 553 restores.

199 630 226 688 l.
267 625 423 702 Romulus,
444 644 500 704 per
517 624 648 687 latebras
666 625 815 704 copiarum
835 634 920 705 perte
935 624 1076 705 disposita
1094 644 1162 686 cum

112 713 148 773 ad
170 710 295 772 Fidenas
319 711 512 786 accessisset,
541 709 674 769 simulata
695 709 765 786 iuga
786 718 898 770 temere
921 710 1022 771 hostes
1040 712 1161 771 insecu-

111 808 159 857 tos
186 812 222 855 eo
245 795 397 877 perduxit,
429 794 477 854 uhi
500 793 634 854 occultos
660 793 786 854 habehat
806 795 929 871 milites,
958 796 1007 872 qui
1028 796 1163 873 undique

112 881 205 941 adorti
226 879 335 938 ellusos
353 887 383 937 et
397 880 530 937 incautos
550 877 730 938 ceciderunt.

114 1010 116 1015 ,
196 962 224 1025 2.
265 961 301 1035 Q.
329 960 436 1021 Fabius
464 960 605 1033 Maximus
634 961 738 1021 consul
765 961 874 1022 auxilio
902 962 1026 1021 Sutrinis
1050 964 1163 1021 missus
1232 953 1235 964 ’

110 1047 253 1109 adversus
278 1044 437 1121 Etruscos,
463 1063 564 1105 omnes
593 1044 718 1105 hostium
748 1046 849 1123 copias
877 1047 906 1105 in
931 1065 965 1105 se
995 1048 1161 1106 convertit:

111 1131 217 1193 deinde
241 1129 373 1190 simulato
396 1131 498 1189 timore
521 1130 550 1189 in
570 1130 721 1208 superiora
743 1128 811 1189 loca
825 1129 905 1189 velut
919 1130 1037 1206 lugiens
1055 1148 1161 1190 reces-

111 1218 163 1291 sit,
190 1215 343 1292 effuseque
366 1214 525 1274 subeuntes
550 1212 709 1290 adgressus
737 1230 796 1272 non
818 1216 883 1273 acie
903 1223 1011 1273 tantum
1033 1232 1161 1292 supera·

110 1302 166 1375 vit,
187 1299 239 1358 sed
261 1301 345 1358 etiam
365 1300 470 1357 castris
492 1298 582 1357 exuit.

112 1432 114 1440 .
195 1382 224 1443 3.
269 1383 459 1460 Sempronius
482 1380 630 1443 Gracchus
652 1381 794 1441 adversus
819 1378 988 1441 Celtiberos
1015 1390 1096 1441 metu
1120 1384 1161 1441 si·

109 1467 217 1529 mulato
230 1468 370 1527 continuit
386 1468 561 1527 exercitum:
578 1465 685 1529 emissa
700 1465 806 1524 deinde
824 1474 967 1525 armatura
983 1464 1059 1541 levi,
1081 1483 1161 1543 quae

108 1552 224 1611 hostem
241 1551 404 1611 lacesseret
419 1569 455 1610 ac
475 1552 569 1611 statim
589 1549 695 1628 perlem
710 1549 853 1625 referret,
878 1552 1015 1609 evocavit
1036 1548 1161 1617 hostes;

110 1635 216 1695 deinde
237 1635 417 1695 inordinatos
440 1634 599 1712 adgressus
622 1650 716 1712 usque
739 1649 776 1693 eo
800 1633 924 1711 cecidit,
946 1642 978 1692 ut
1000 1635 1088 1693 etiam
1110 1651 1159 1693 ca·

109 1729 169 1781 stra
191 1728 320 1798 caperet.

190 1806 220 1863 4.
264 1802 401 1863 Metellus
429 1800 533 1861 consul
559 1801 587 1860 in
607 1801 707 1862 Sicilia
735 1799 846 1861 bellum
868 1801 1010 1861 adversus
1028 1800 1160 1861 Hasdru·

111 1887 208 1948 balem
230 1905 356 1964 gerens,
380 1884 419 1945 ob
438 1887 509 1945 eius
518 1887 665 1961 ingentem
680 1886 842 1945 exercitum
859 1894 888 1945 et
904 1895 1018 1945 centum
1037 1887 1160 1963 triginta

111 1970 286 2050 elephantos
308 1970 460 2045 intentior,
483 1970 614 2031 simulata
636 1969 796 2029 diffidentia
817 1971 891 2029 intra
910 1969 1083 2029 Pauormum
1106 1987 1159 2029 co·

110 2056 174 2133 pias
190 2056 279 2114 tenuit
291 2053 459 2133 iussamque
473 2054 598 2130 ingentis
614 2053 815 2130 magnitudinis
833 2062 900 2112 ante
915 2072 948 2113 se
964 2054 1055 2113 duxit.
1080 2051 1160 2113 Con·

109 2147 214 2217 specto
243 2137 348 2199 deinde
377 2138 508 2197 exercitu
537 2137 741 2214 hasdrubalis,
767 2137 867 2214 quiin
892 2139 984 2215 prima
1006 2138 1072 2197 acie
1096 2136 1160 2197 ele-

110 2223 236 2303 phantos
254 2223 396 2298 hahebat,
419 2224 573 2301 praecepit
595 2222 732 2296 hastatis,
755 2220 815 2280 tela
836 2222 866 2280 in
887 2221 1002 2281 helluas
1024 2223 1160 2281 iacerent

109 2318 310 2387 protenusque
330 2325 362 2366 se
383 2307 456 2366 intra
477 2307 650 2383 munimenta
670 2306 847 2382 reciperent.
890 2305 935 2365 lla
958 2305 1159 2365 ludificatione

109 2402 243 2452 rectores
265 2390 486 2468 elephantorum
506 2390 662 2465 concitati,
684 2391 712 2448 in
734 2389 826 2466 ipsam
847 2388 957 2450 iossam
980 2388 1159 2467 elephantos

110 2483 248 2552 egerunt:
268 2489 326 2552 quo
348 2481 379 2531 ut
401 2474 522 2551 primum
543 2472 701 2551 inlaqueati
723 2481 805 2549 sum,
836 2475 938 2552 partim
958 2473 1159 2549 magnitudine

109 2559 234 2618 telorum
256 2556 400 2630 coniecti,
424 2556 528 2633 partim
544 2566 623 2616 retro
647 2558 675 2617 in
694 2573 763 2616 suos
780 2558 855 2633 acti,
878 2567 967 2617 totam
986 2558 1081 2617 aciem
1096 2566 1158 2617 tur-

108 2642 260 2701 baverunt.
304 2640 385 2699 Tunc
406 2638 560 2716 Metellus,
591 2640 666 2700 hanc
693 2640 832 2719 operiens
857 2643 1061 2716 occasionem,
1092 2658 1159 2699 cum
1233 2709 1234 2714 η

107 2734 170 2785 tcto
200 2725 333 2783 exercitu
360 2726 456 2801 erupit
490 2734 518 2783 et
552 2725 712 2801 adgressus
741 2742 757 2784 a
785 2724 878 2785 latere
906 2725 1023 2785 Poenos
1047 2726 1159 2785 cecidit

6 2842 7 2847 κ
107 2810 240 2887 ipsisque
262 2816 291 2867 ut
313 2816 342 2867 et
361 2807 525 2886 elephantis
538 2810 656 2887 -potitus
678 2818 733 2867 est.

188 2893 217 2953 5.
262 2892 411 2968 Tomyris,
431 2893 603 2968 Scytharum
619 2894 737 2970 regina,
759 2888 866 2966 cyrum
878 2892 1035 2958 Persarum
1052 2910 1158 2969 regem

108 2994 203 3058 aequo
226 2975 318 3037 Marte
344 2985 520 3052 certantem,
545 2977 678 3036 simulato
701 2986 795 3050 metu,
820 2976 975 3059 elicuit-*ad
994 2986 1081 3041 notus
1104 2978 1156 3035 rni-

106 3064 150 3124 liti
173 3081 226 3122 suo
243 3063 391 3138 angustias
405 3070 493 3140 atque
514 3062 574 3137 ihi,
593 3070 717 3140 repente
733 3076 879 3121 converso
899 3061 1031 3137 agmine,
1053 3069 1157 3141 natura

106 3148 165 3208 loci
186 3147 282 3205 adiuta
304 3146 422 3205 devicit.

190 3230 219 3289 6.
263 3228 422 3307 Aegyptii,
435 3227 597 3288 conllicturi
609 3229 675 3288 acie
687 3229 716 3287 in
728 3228 772 3287 eis
783 3228 904 3305 campis,
920 3228 1027 3305 quihus
1038 3228 1155 3287 iunctae
1233 3217 1234 3264 ³

6 3308 40 3379 ἶ,
107 3308 230 3387 paludes
252 3319 350 3384 erant,
380 3311 447 3388 alga
476 3329 528 3371 eas
557 3316 765 3386 contexerunt,
790 3312 1005 3389 commissoque
1037 3311 1154 3389 proelio

6 3430 7 3461 2
107 3392 206 3465 fugam
228 3392 396 3451 simulantes
414 3396 443 3451 in
463 3394 582 3453 insidias
601 3394 715 3476 hostes,
725 3404 941 3470 evocaverunt,
957 3396 1006 3472 qui
1025 3394 1156 3474 rapidius
1233 3419 1234 3444 l

6 3466 8 3557 l,
110 3472 189 3531 vecti
218 3488 272 3548 per
291 3473 391 3549 ignota
415 3476 481 3537 loca
504 3477 572 3537 limo
594 3477 781 3547 inhaeserunt
804 3479 1055 3560 ¹circumventique
1078 3488 1153 3539 sunt.
