2475 3909
132 208 151 267 6
467 217 542 267 SEX.
562 218 650 267 rum
670 217 840 268 Pronum

218 371 267 431 12.
290 368 428 433 lletellns
450 373 479 433 in
499 371 639 451 Hispania
664 374 878 451 Interrogatus,
900 370 971 450 quid
992 379 1112 449 postera
1129 371 1177 431 die

131 456 261 517 lecturus
284 465 381 533 esset,
405 457 530 518 tunicam
550 474 659 533 meam,
688 460 714 517 si
741 457 772 519 id
798 457 898 535 eloqui
924 465 1044 535 posset,
1073 456 1177 533 inquit,

132 539 345 600 comburerem.

219 624 267 685 13.
291 622 329 683 Μ.
342 623 468 685 licinius
482 621 607 683 Crassus
625 626 825 702 percontanti,
849 641 907 702 quo
923 633 1055 703 ternpore
1078 632 1176 683 castra

132 716 262 769 moturus
285 717 381 783 esset,
405 707 573 785 respondit:
596 706 734 783 Veneris,
766 726 803 769 ne
826 708 925 770 tubam
945 726 1004 769 non
1024 707 1175 775 exaudias.

548 938 697 1001 CAPUT
724 938 759 999 ll.

298 1070 345 1116 nn
366 1069 614 1131 nxnnonnnnrs
638 1069 812 1118 consumas
834 1071 1003 1118 noemma.

219 1209 245 1267 l.
269 1208 369 1286 Scipio
391 1207 565 1283 Africanus,
585 1218 672 1286 capta
699 1209 858 1269 occasione
880 1209 1038 1268 mittendae
1058 1209 1096 1269 ad
1119 1209 1179 1282 Sy-

130 1292 252 1371 phacem
275 1292 450 1369 legationis,
480 1310 544 1353 oum
568 1291 669 1353 Laelio
698 1309 850 1353 servorum
869 1291 969 1353 lrabitu
991 1291 1123 1352 tribunos
1145 1301 1182 1351 et

131 1377 318 1437 centuriones
342 1376 538 1437 electissimos
563 1378 605 1435 ire
633 1377 735 1451 iussit,
760 1376 866 1454 quibus
889 1393 978 1435 carae
1000 1384 1083 1435 esset
1106 1392 1178 1453 per-

131 1462 248 1538 spicere
272 1461 370 1536 regias
391 1461 482 1525 vires.
524 1459 576 1535 lli,
600 1477 658 1538 quo
677 1460 798 1521 liberius
815 1467 976 1519 castrorum
999 1458 1178 1537 positionem

131 1552 344 1619 scrutarentur,
368 1562 475 1622 equum
497 1545 534 1605 de
557 1544 697 1604 industria
718 1544 865 1605 dimissam
889 1552 1034 1620 tamquam
1061 1542 1177 1619 lugien-

130 1630 389 1706 tem‘persectati,
412 1629 563 1688 maximam
585 1636 698 1706 partem
724 1627 961 1686 munimentorum
983 1627 1176 1687 circuierunt:

131 1729 206 1789 quae
230 1728 293 1771 cnm
316 1712 511 1785 nuntiassent,
535 1710 671 1771 incendio
685 1709 857 1769 coniectum
879 1719 925 1769 est
948 1710 1067 1771 bellurn.

216 1794 245 1852 2.
270 1792 305 1865 Q.
330 1792 436 1853 Fabius
456 1792 597 1854 Maximus
618 1792 699 1853 bello
712 1792 856 1868 Etrusco,
875 1812 940 1853 curn
960 1794 1055 1855 adhuc
1073 1795 1176 1869 incog-

130 1879 207 1935 nitae
227 1876 324 1935 forent
343 1875 480 1937 Romanis
496 1877 618 1939 ducibus
636 1879 808 1954 sagaciores
827 1878 1000 1955 explorandi
1018 1879 1101 1952 viae,
1116 1878 1176 1937 ira·

130 1968 203 2019 trem
231 1958 350 2019 Fabium
381 1958 562 2036 Kaesonem,
597 1964 720 2039 peritum
756 1962 873 2038 linguae
902 1959 1063 2037 Etruscae,
1089 1963 1176 2021 iussit

131 2042 229 2102 Tusco
259 2042 356 2103 habitu
391 2054 548 2121 penetrare
574 2043 724 2107 Ciminiam
755 2045 874 2120 silvam,
909 2046 1076 2108 intentatam
1106 2053 1175 2104 ante

129 2126 211 2185 militi
231 2135 343 2187 nostro.
389 2127 475 2201 Quod
497 2130 522 2189 is
544 2129 618 2189 adeo
641 2129 800 2208 prudenter
818 2138 907 2207 atque
928 2129 1068 2189 industrie
1090 2128 1174 2203 iecit,

129 2219 160 2269 ut
179 2219 382 2289 transgressus
401 2212 503 2274 silvam
524 2212 650 2273 Umbros
673 2212 842 2288 Camertes,
868 2231 932 2273 cnm
954 2213 1175 2273 animadvertis·

130 2303 176 2364 set
197 2310 256 2355 non
277 2296 390 2355 alienos
413 2298 520 2357 nomini
538 2296 688 2372 Romano,
710 2296 747 2357 ad
764 2298 937 2357 societatem
961 2296 1145 2375 compulerit.

215 2379 245 2439 3.
270 2377 545 2455 Carthaginienses,
569 2398 634 2441 oum
655 2380 927 2441 animaduertissent
950 2380 1111 2441 Alexandri
1135 2380 1175 2439 ita

128 2480 250 2538 magnas
269 2479 359 2539 opes,
381 2471 412 2521 ut
440 2463 559 2524 Africae
590 2482 709 2543 quoque
732 2466 911 2540 immineret,
937 2483 1023 2525 unum
1041 2482 1080 2525 ex
1101 2464 1174 2523 civi·

128 2546 201 2617 ltus,
224 2545 316 2630 virum
341 2563 440 2605 acrem
461 2548 575 2609 nomine
603 2547 796 2609 Hamilcarem
819 2548 998 2624 Rhodinum,
1027 2550 1175 2608 inssernnt

128 2628 265 2688 simulato
295 2629 401 2689 exsilio
429 2632 472 2689 ire
502 2632 539 2691 ad
567 2648 670 2709 regem
695 2633 832 2709 omnique
854 2632 950 2693 studio
974 2634 1002 2691 in
1020 2632 1174 2691 amicitiam

128 2713 193 2855 pius
207 2713 385 2855 pervenire:
408 2715 504 2791 queis
521 2717 645 2793 potitus,
668 2716 791 2777 consilia
811 2716 875 2775 eius
895 2725 963 2777 nota
981 2716 1095 2777 civibus
1111 2717 1173 2775 suis

141 2796 205 2855 acie
228 2803 267 2855 at.

214 2880 243 2937 4.
257 2879 356 2941 'iidem
375 2876 637 2957 Carthaginienses
659 2885 813 2958 miserunt,
836 2886 886 2963 qui
902 2902 957 2962 per
979 2884 1111 2962 speciem
1131 2883 1173 2943 le·

129 2972 262 3039 gatonem
278 2964 368 3041 longo
382 2972 515 3043 tempore
527 2964 639 3027 Romae
656 2976 839 3027 morarentur
855 2970 1088 3047 exciperentque
1103 2984 1174 3027 con·

130 3046 193 3107 silla
216 3057 392 3109 nostrorum.

214 3132 244 3194 5.
269 3130 307 3195 Μ.
333 3130 406 3193 Cato
429 3131 632 3215 inllispania,
657 3135 723 3211 quia
749 3134 785 3194 ad
812 3134 937 3195 hostium
962 3134 1083 3195 consilia
1116 3134 1173 3193 alia

130 3213 177 3269 via
198 3217 353 3289 pervenire
373 3232 432 3276 non
454 3225 605 3293 potuerat,
625 3220 708 3277 iussit
727 3227 879 3278 trecentos
890 3218 996 3279 milites
1016 3218 1100 3277 simul
1124 3219 1173 3275 im·

129 3303 228 3370 petum
250 3295 350 3355 lacere
375 3298 404 3357 in
429 3300 582 3361 stationem
605 3301 731 3372 hostium
759 3311 932 3380 raptumque
957 3320 1043 3362 unum
1064 3320 1104 3361 ex
1128 3302 1174 3361 luis

130 3378 157 3435 in
181 3386 275 3435 eastra
298 3379 432 3455 perterre
453 3383 637 3445 incolumem.
682 3384 789 3445 Tortns
807 3385 859 3445 ille
878 3387 973 3446 omnia
989 3402 1109 3445 suornm
1129 3402 1174 3445 ar-

130 3476 200 3517 cana
224 3460 378 3521 confessus
403 3473 457 3522 est.
