2475 3909
126 199 168 264 72
459 210 536 262 sex.
558 213 648 264 rom
666 211 837 262 secuntus

125 367 197 430 bros
217 367 303 445 ignes
329 367 395 430 heri
415 367 515 445 iussit,
544 376 578 428 ut
597 369 703 447 specie
725 365 894 428 remanendi
915 366 1081 428 occultaret
1102 386 1173 448 pro-

124 453 296 514 iectionem.
340 452 401 514 Sed
421 470 439 514 a
459 451 610 529 transfuga
630 450 782 530 proditus,
805 450 947 512 adsecuto
965 452 1190 512 exercitulo·

125 536 398 612 cedaemoniornm,
419 536 524 598 itinere
545 534 662 615 quidem
685 552 744 614 qno
760 537 895 614 Spartam
911 534 1032 614 petebat
1049 535 1170 610 destitit,

124 620 203 682 idern
224 627 320 682 tamen
341 620 494 681 consilinm
508 619 653 680 convenit
673 617 710 680 ad
728 618 952 680 Mantinienses:
976 636 1072 697 aeque
1094 621 1169 680 enim

123 705 241 782 ignibus
260 703 345 765 lactis
363 703 630 775 Lacedaemonios,
652 704 736 781 qnasi
752 711 901 779 maneret,
922 703 1091 778 frustratus,
1117 722 1172 781 per

125 785 316 866 qnadraginta
334 788 413 849 milia
434 805 572 866 passuum
592 786 757 848 Mantiniam
775 787 897 849 revenit
918 803 1042 866 eamque
1061 788 1170 849 anxilio

125 871 292 932 destitutam
311 872 479 951 occupavit.

521 1037 668 1100 CAPUT
696 1037 769 1100 xit.

123 1167 172 1215 EX
191 1167 392 1218 conmisso
409 1166 513 1218 cntch
532 1169 699 1218 TU'l'Ethd
721 1169 958 1219 ossslossoltmt.
1007 1171 1056 1217 DE
1070 1171 1169 1219 EXCI-

443 1253 563 1302 TANDA
585 1252 677 1302 culta
698 1255 851 1304 scottum.

213 1374 240 1434 1.
284 1373 456 1437 Alcibiades
481 1373 687 1451 Atheniensis,
721 1374 838 1437 civitate
862 1395 913 1438 sua
931 1395 948 1438 a
969 1375 1168 1436 Lacedaemo·

123 1458 179 1518 niis
206 1458 347 1535 obsessa,
376 1461 485 1521 veritus
520 1460 728 1538 negligentiam
753 1460 891 1538 vigilum,
919 1459 1097 1521 denuntiavit
1124 1459 1170 1518 his

125 1543 174 1622 qni
188 1542 218 1602 in
232 1542 405 1604 stationibus
417 1552 515 1620 erant,
533 1544 725 1604 observarent
743 1543 856 1620 lumen,
873 1545 950 1624 quod
965 1552 1054 1604 nocte
1070 1551 1169 1602 osten·

123 1645 210 1687 sorus
231 1635 314 1688 essct
334 1646 374 1688 ex
394 1645 481 1705 arco,
501 1635 531 1688 et
552 1627 590 1688 ad
610 1637 802 1708 conspectura
824 1629 887 1689 eius
906 1629 962 1707 ipsi
984 1644 1104 1707 qnoque
1125 1626 1169 1686 ln·

122 1711 200 1772 mina
220 1711 412 1780 adtollerent;
430 1713 459 1770 in
480 1728 539 1791 qno
560 1729 682 1772 munere
698 1713 746 1790 qui
768 1721 933 1788 cessasset,
956 1728 1081 1791 poenam
1102 1728 1168 1788 pas·

124 1813 232 1855 soram.
276 1793 491 1856 Dnmaollioite
506 1803 697 1873 exspectatur
712 1797 824 1874 signum
844 1796 937 1868 ducis,
961 1795 1169 1874 pervigilatnm

123 1877 161 1940 ab
181 1877 315 1938 omnibns
337 1887 368 1938 et
385 1887 542 1958 suspectae
564 1879 660 1938 noctis
681 1880 842 1959 periculum
861 1881 998 1940 evitatum
1019 1886 1077 1938 est.

209 1961 240 2025 2.
283 1959 446 2039 Iphicrates
470 1963 530 2024 dux
551 1961 788 2041 Atheniensium,
810 1982 873 2024 cnm
896 1963 1044 2043 praesidio
1064 1960 1169 2022 Corin·

122 2045 204 2106 thum
221 2051 339 2106 unoret
364 2054 396 2106 et
422 2045 478 2108 snb
506 2047 661 2108 adventum
687 2048 813 2109 hostium
837 2049 902 2127 ipse
922 2046 1039 2125 vigilias
1062 2047 1169 2106 circui·

122 2136 187 2207 ret,
216 2129 353 2207 vigilem,
381 2148 468 2210 quem
494 2132 686 2193 dormientem
706 2133 835 2209 viderat,
861 2132 1005 2192 transfixit
1027 2131 1169 2208 cuspide:

123 2214 203 2294 qnod
224 2214 331 2276 iactum
351 2215 522 2296 quibusdam
539 2226 684 2297 tamquam
702 2233 822 2278 saevom
837 2213 1065 2295 increpantibus,
1091 2213 1170 2289 Qua·

124 2298 183 2360 lem
204 2300 322 2377 inveni,
340 2301 447 2379 inquit,
470 2299 560 2363 talem
579 2301 695 2379 reliqui.

209 2382 239 2444 3.
282 2382 498 2463 Epaminondas
519 2383 676 2445 Thebanus
697 2383 775 2445 idem
793 2384 903 2447 iecisse
924 2381 1038 2444 dicitnr.

513 2548 664 2612 CAPUT
687 2549 782 2612 xiil.

278 2681 326 2728 on
347 2681 556 2731 nmrnrnrtno
577 2683 623 2730 nr
641 2679 855 2730 nncrrmnoo
878 2680 1022 2730 uuurro.

209 2802 238 2860 1.
281 2799 421 2881 Romani,
450 2802 568 2865 obsessi
596 2805 626 2863 in
647 2802 810 2882 Capitolio,
838 2802 875 2863 ad
895 2801 1009 2865 Camilli
1031 2806 1173 2867 auxilinm

121 2883 160 2946 ab
182 2885 288 2948 exsilio
310 2886 522 2966 implorandum
541 2890 681 2950 miserunt
702 2887 833 2949 Pontium
854 2884 1029 2964 Cominium,
1054 2891 1117 2968 qni,
1142 2899 1172 2949 nt

121 2970 264 3031 stationes
283 2970 431 3033 Gallorum
447 2973 582 3050 falleret,
606 2990 661 3052 per
678 2989 749 3032 saxa
768 2969 893 3049 Tarpeia
914 2970 1058 3032 demissus
1074 2981 1170 3034 trans-

120 3063 190 3118 nato
213 3053 312 3116 Tiberi
333 3055 427 3124 Veioa
453 3057 588 3137 pervenit
609 3065 641 3116 et
667 3063 837 3136 perpetrata
861 3054 1010 3133 legatione
1034 3057 1170 3119 similiter

120 3138 157 3198 ad
176 3155 248 3200 snos
267 3140 364 3201 rediit

206 3221 236 3280 2.
281 3221 435 3302 Campani,
457 3223 612 3301 diligenter
630 3221 769 3284 Romanis
785 3242 802 3285 a
818 3223 923 3302 quibus
940 3221 1058 3284 obsessi
1087 3233 1170 3285 erant

121 3302 271 3362 custodias
292 3307 464 3382 agentibus,
487 3305 640 3386 quemdam
662 3323 717 3386 pro
738 3308 887 3385 transluga
905 3306 1093 3368 subornatum
1115 3309 1167 3367 mi·

123 3388 240 3455 serunt,
268 3387 317 3460 qni
342 3389 519 3450 occultatam
548 3388 649 3449 balteo
679 3391 835 3469 epistolam
862 3391 978 3452 inventa
1008 3391 1168 3471 effugiendi

124 3461 282 3522 occasione
304 3467 340 3526 ad
358 3468 474 3530 Poenos
495 3472 624 3558 pertulit.
