2475 3909
230 239 573 289 susaraosunrrcou
595 240 665 289 ura.
678 242 701 289 1.
722 240 799 290 car.
812 242 942 291 rx—xr.
1065 230 1101 291 21

55 399 152 457 uisset
183 394 261 475 quod
287 397 459 473 imperatum
487 403 565 471 erat,
595 396 790 457 validissimus
816 416 881 457 cum
906 396 1009 457 iniirmi
1039 400 1108 476 equi

56 482 152 542 calida
176 482 239 539 sine
256 478 364 539 ellectu
379 478 556 555 luctaretur,
577 478 733 556 Naturam,
750 482 841 561 iuquit
861 483 1027 556 Sertorius,
1048 482 1107 541 llo·

55 582 206 625 manarum
223 562 385 623 cohortium
401 581 455 641 per
470 563 528 623 hoo
550 564 635 624 vobis
655 566 821 644 exemplum
837 564 968 640 ostendi,
984 566 1107 626 milites:

56 648 278 727 insuperabiles
294 656 359 705 sunt
374 649 527 707 universas
548 648 801 726 adgredientibus3
825 649 943 711 easdem
966 649 1109 710 lacerabit

58 744 88 794 et
105 742 224 812 carpet,
249 732 297 811 qui
319 750 374 809 per
394 741 495 809 partes
512 733 713 793 adtentaverit.

146 816 176 875 2.
221 816 318 890 idem,
343 833 408 875 cum
431 815 545 876 videret
572 835 643 877 suos
668 836 784 896 pugnae
807 818 920 895 signum
943 819 1109 879 inconsulta

60 903 228 978 flagitantes
249 899 444 977 crederetque
462 909 600 979 rupturos
624 903 793 980 imperium,
811 904 866 961 nisi
890 903 1107 980 congrederen-

61 995 118 1061 tur,
136 985 268 1063 permisit
288 994 398 1043 turmae
414 985 542 1062 equitum
558 986 594 1045 ad
609 986 800 1046 lacessendos
823 986 926 1047 bostes
942 990 1001 1056 ire;
1025 986 1107 1048 labo·

61 1071 195 1147 rantique
216 1068 349 1128 submisit
373 1068 461 1145 alias,
488 1078 517 1129 et
540 1070 583 1129 sio
603 1072 717 1148 recepit
743 1088 860 1129 omnes:
883 1081 943 1131 tuna
963 1073 1107 1151 utrisque,

63 1156 129 1214 tutis
154 1163 184 1213 et
210 1155 273 1213 siue
297 1169 390 1227 nora,
421 1152 562 1228 ostendit,
591 1154 657 1232 quis
679 1154 775 1213 exitus
802 1154 960 1231 flagitatam
981 1175 1107 1235 pugnarn

61 1238 227 1299 mansisset.
271 1236 548 1315 Obsequentissimis
570 1238 638 1297 inde
653 1240 697 1297 eis
711 1257 781 1299 usus
801 1249 856 1299 est.

147 1322 178 1382 3.
223 1321 381 1397 Agesilaus
407 1320 672 1396 Lacedaemonius,
698 1341 763 1381 cum
788 1322 930 1382 adversus
951 1322 1107 1383 Thebanos

60 1414 163 1466 castra
184 1422 273 1483 super
287 1405 378 1483 ripam
398 1408 549 1484 posuisset
573 1406 723 1483 multoque
743 1407 882 1465 maiorem
904 1407 1028 1465 bostium
1050 1425 1109 1486 ma·

60 1508 129 1549 uum
146 1506 217 1548 esse
231 1489 422 1566 intelligeret,
441 1500 470 1549 et
485 1490 552 1549 ideo
573 1506 643 1549 suos
664 1507 768 1548 arcere
786 1507 803 1548 a
824 1490 983 1568 cupiditate
1004 1489 1108 1549 decer·

60 1574 151 1633 nendi
174 1573 281 1648 vellet,
304 1573 391 1648 dixit,
415 1591 561 1653 responso
587 1572 681 1633 Derim
705 1592 739 1633 se
770 1592 808 1632 ex
829 1573 956 1633 collibus
978 1590 1108 1652 pugnare

62 1660 186 1725 iussum;
213 1659 302 1717 etita
329 1659 445 1735 exiguo·
464 1659 613 1736 praesidio
636 1658 672 1717 ad
694 1659 786 1736 ripam
810 1660 907 1737 posito
924 1660 1053 1719 accessit
1080 1660 1108 1717 in

62 1742 168 1802 colles.
192 1741 279 1815 Quod
292 1740 422 1801 Thebani
437 1760 491 1821 pro
508 1752 585 1802 metu
600 1744 783 1822 interpretati
798 1744 973 1802 transierunt
987 1742 1107 1808 flumem

64 1836 173 1886 etcum
190 1826 278 1886 facilc
296 1826 477 1904 depulissent
494 1827 685 1905 praesidium,
708 1836 827 1888 ceteros
844 1827 966 1887 insecuti
984 1826 1108 1901 avidius,

63 1911 213 1988 iniquitate
230 1911 362 1970 locorum
380 1929 395 1970 a
411 1910 597 1989 paucioribus
612 1913 682 1971 victi
698 1921 773 1971 sunt.

147 1996 177 2053 4.
223 1994 349 2069 Scorpio
365 1994 423 2054 dux
439 1995 603 2071 Dacorum,
628 2014 692 2055 cum
710 1998 801 2055 sciret
817 1996 1006 2057 dissociatum
1022 1996 1109 2055 armis

63 2062 198 2139 civilibus
220 2078 360 2157 populum
376 2078 551 2155 Romanum,
577 2098 674 2157 neque
691 2089 787 2139 tamen
807 2080 863 2139 sibi
878 2082 1044 2141 tentandum
1064 2096 1108 2138 ar·

62 2162 237 2237 bitraretur,
258 2163 323 2239 quia
346 2171 469 2223 externo
491 2163 572 2223 bello
594 2172 698 2241 posset
716 2162 904 2223 concordia'
897 2182 925 2220 m
940 2165 1022 2222 cives
1041 2181 1108 2223 coa·

62 2247 197 2322 iesoere,
222 2246 296 2306 duos
322 2265 411 2307 canes
436 2250 464 2308 in
492 2256 654 2325 conspectu
682 2246 865 2325 popularium
890 2248 1037 2305 commisit
1061 2248 1109 2304 iis·

64 2349 120 2409 quc
142 2333 286 2391 acerrime
309 2332 384 2391 inter
412 2333 494 2411 ipsos
516 2331 710 2411 pugnantibus
733 2330 831 2408 lupum
855 2330 997 2405 ostendit,
1014 2347 1111 2407 'quem

63 2417 197 2493 protinus
210 2434 300 2475 canes
310 2418 417 2476 omissa
432 2418 508 2476 inter
527 2436 561 2475 se
577 2418 618 2475 ira
634 2416 768 2493 adgressi
784 2423 859 2474 sunt.
894 2412 959 2487 Quo
973 2413 1110 2491 exemplo

63 2499 213 2577 probibuit
232 2498 372 2560 barbaros
391 2501 427 2561 ab
439 2502 564 2579 impetu,
582 2500 720 2560 Romanis
738 2500 902 2579 profuturo.

473 2659 619 2729 CAPUT
642 2667 699 2728 XI.

63 2797 344 2856 ouauaouoouru
359 2798 573 2847 murmannus
587 2798 642 2845 srr
657 2796 1109 2847 sornouuruuuxancmus.

150 2923 178 2981 1
207 2918 246 2981 Μ.
269 2918 376 2979 Fabius
400 2929 430 2979 ct
454 2916 506 2979 Cn.
528 2917 651 2977 Manlius
677 2916 815 2975 consules
842 2917 983 2976 adversus
1006 2915 1109 2974 Etrus

61 3022 130 3081 cos,
157 3014 282 3085 propter
303 3004 464 3065 seditiones
492 3003 693 3064 detractante
704 3000 846 3079 proelium
868 3002 1011 3074 exercitu,
1036 2997 1111 3056 uitro

62 3089 234 3149 simularunt
251 3090 484 3163 cunctationem,
508 3088 603 3148 donec
614 3086 721 3147 milites
736 3084 853 3163 probris
870 3083 994 3142 bostium
1014 3083 1111 3140 coacti

61 3191 189 3251 pugnarn
208 3174 407 3250 deposcerent
429 3174 616 3251 iurarentque
638 3190 671 3231 se
691 3189 729 3230 ex
750 3188 784 3229 ea
802 3169 933 3227 victores
953 3167 1110 3227 redituros.

148 3257 178 3321 2.
210 3256 330 3316 Fulvius
344 3256 489 3332 Nobilior,
505 3275 569 3315 cum
584 3256 725 3315 adversus
741 3253 907 3314 Samnitium
926 3268 1111 3312 numerosum

58 3342 225 3401 exercitum
240 3348 271 3401 et
286 3340 476 3401 successibus
492 3340 736 3417 tumidumparvis
750 3339 843 3415 copiis
855 3335 1114 3397 necessebaberet

58 3424 236 3501 decertare,
261 3424 405 3485 simulavit
427 3442 512 3484 unam
532 3424 681 3500 legionem
697 3424 822 3483 bostium
845 3441 861 3483 a
889 3440 922 3481 se
947 3432 1113 3499 corruptam

57 3510 94 3568 ad
126 3510 340 3588 proditionem,
371 3509 584 3587 imperavitque
605 3508 643 3586 ad
668 3509 731 3566 eius
758 3508 802 3566 rei
828 3506 915 3567 bdem
941 3506 1061 3564 tribunis
1083 3513 1113 3561 et
