2475 3909
370 687 538 766 INDEX
563 685 884 765 HISTORIOUS

598 860 643 902 AD

123 977 291 1041 LIBRUM
311 978 372 1039 DE
395 975 546 1057 AQUAE
566 972 786 1036 DUCTIBUS
809 971 939 1036 URBIS
961 969 1130 1033 ROMAE.

517 1149 731 1162 ψ

340 1299 378 1344 1.
656 1263 747 1354 ¹equis
773 1287 813 1340 18.
851 1287 937 1337 finitur
960 1295 1023 1353 post
1048 1302 1153 1338 nauma-

105 1395 206 1450 Aoiliur
226 1397 331 1463 Ariola,
359 1404 472 1448 ourntru·¹
489 1410 612 1460 uquarum

104 1535 226 1588 Aediles:
239 1536 389 1600 permittunt
403 1536 445 1585 ius
456 1548 539 1598 aquae
549 1535 613 1586 dan-

141 1604 383 1656 daavendoudueve
396 1603 439 1656 95.
456 1618 536 1670 opera
552 1619 614 1668 pro-

140 1674 236 1723 babant
254 1672 298 1726 96.
320 1673 468 1738 permittunt
484 1674 613 1739 irrigatio·

140 1757 199 1792 nem
207 1741 284 1796 ‚cruet
295 1741 402 1792 blaximi
415 1740 461 1792 97.
480 1741 614 1808 praefinie-

140 1813 203 1862 baut
223 1812 251 1860 in
271 1810 380 1878 singulis
402 1811 482 1869 vinis,
505 1824 613 1874 quorum

140 1880 264 1930 arbitratu
283 1894 350 1942 aque
368 1881 394 1928 iu
407 1877 512 1943 publioo
526 1878 615 1929 saliret

106 2015 137 2075 Q.
168 2014 258 2066 Aulius
279 2013 379 2064 Tubero
408 2027 460 2064 uos.
478 2013 522 2068 99.
550 2014 612 2069 100.

142 2084 201 2137 104.
222 2080 281 2137 100.
302 2081 521 2138 100.125.127.

105 2153 141 2210 bi,
160 2152 292 2219 Agrippa,
316 2150 409 2202 aedilis
426 2159 485 2218 post
501 2154 614 2218 primum

139 2221 314 2284 oonsulutum,
338 2220 429 2272 lulium
450 2235 543 2283 nquam
561 2222 613 2272 llo-

76 2327 86 2350 .
140 2305 209 2341 maru
223 2291 358 2356 perduxit,
378 2289 445 2340 alios
463 2290 554 2340 duotus
572 2306 613 2341 re-

141 2360 231 2421 stituit,
244 2367 270 2409 et
286 2358 413 2426 singulari
425 2373 486 2409 eurr
497 2360 613 2426 complu·

139 2426 212 2476 ribus
239 2428 391 2478 salientibus
418 2428 492 2488 aquis
521 2428 612 2478 urbem

673 1359 759 1410 chiam
777 1359 822 1412 22.
852 1358 920 1406 unde
947 1371 1042 1420 aquam
1061 1359 1154 1422 accipit

673 1429 716 1481 71.
732 1435 785 1478 tota
794 1433 914 1494 erogatur
924 1436 998 1476 extra
1008 1426 1101 1476 urbem
1110 1427 1154 1478 85.

637 1497 780 1548 Alsietinus
799 1495 870 1545 lacus
889 1493 931 1546 11.
951 1495 995 1546 71.

638 1569 668 1620 Τ.
679 1567 791 1632 Ampius
801 1564 947 1627 Flavianus,
959 1571 1065 1614 curator
1075 1579 1154 1627 squa-

673 1651 730 1686 rom
751 1633 811 1686 102.

715 1695 723 1712 0

639 1722 707 1774 Anio
719 1720 821 1770 Novus:
843 1732 936 1769 nomen
952 1717 996 1768 13.
1019 1721 1155 1784 conceptio

674 1791 718 1842 15.
736 1788 779 1841 93.
805 1786 845 1840 Ol.
866 1786 908 1838 13.
928 1786 1038 1836 limosus
1059 1795 1085 1837 et
1102 1796 1154 1836 tur-

673 1857 794 1911 bulentus
808 1857 850 1908 15.
863 1854 907 1909 90.
927 1855 1038 1906 vitiabat
1056 1865 1154 1906 ceteras

674 1942 754 1992 equas
774 1926 817 1978 13.
836 1922 880 1975 91.
910 1923 994 1973 Nervu
1020 1925 1086 1977 vitia
1110 1939 1154 1982 ex-

672 1997 748 2048 olusit
774 1995 818 2047 93.
846 1993 981 2058 longitudo
1010 1994 1054 2044 lb.
1086 2007 1153 2056 aqua

674 2066 800 2116 altissima
818 2062 861 2116 18.
882 2076 956 2111 arcus
971 2061 1092 2111 altissimi
1109 2063 1151 2112 15.

672 2134 730 2184 fluis
750 2134 792 2184 20.
821 2133 845 2182 ei
869 2132 984 2196 iungitur
1000 2133 1075 2191 rivius
1090 2132 1152 2180 Her-

674 2201 795 2253 culaneus
814 2201 857 2252 15.
885 2200 928 2249 dat
952 2214 1047 2263 aquam
1062 2201 1090 2250 iu
1106 2201 1152 2250 Te·

672 2270 761 2337 pulum
779 2267 820 2322 08.
841 2271 868 2318 in
882 2269 945 2318 urbe
956 2269 1082 2318 miscetur
1093 2284 1150 2318 oum

673 2339 782 2390 Claudio
808 2336 853 2392 20.
882 2339 926 2391 72.
949 2337 996 2390 86.
1028 2351 1149 2388 uumerus

672 2409 845 2474 quinat-iarum
855 2405 898 2460 73.
918 2406 1035 2474 erogatio
1049 2407 1091 2458 73.
1105 2406 1147 2460 06.

139 2496 262 2545 iustruxit
278 2495 304 2547 9.
329 2495 450 2544 salientes
468 2509 532 2556 quos
549 2496 613 2547 ierit
636 2494 703 2544 Anio
715 2493 797 2543 Vetus
815 2493 842 2542 in
859 2492 949 2543 urbem
967 2491 1148 2556 perduoitura

140 2561 199 2612 104.
218 2563 320 2611 tertium
334 2575 389 2614 eos.
404 2563 538 2627 Virginem
553 2579 612 2629 per-

140 2629 214 2680 duxit
226 2628 268 2679 10.
291 2637 330 2680 est
346 2628 444 2680 moduli
461 2638 550 2682 nuotm
566 2635 609 2686 25.

138 2706 277 2763 perpetuus
314 2706 416 2748 curator
445 2713 552 2765 operum
586 2711 612 2753 et

139 2779 287 2827 munerum,
306 2766 395 2818 habuit
410 2767 535 2820 familiam
551 2786 611 2837 pro-

138 2835 611 2902 priam,quaetuereturaqunetluotus‚

140 2905 349 2972 quam-Augusto
372 2906 529 2958 haereditate
549 2909 609 2959 reli·

139 2973 242 3037 quitild.
251 2975 312 3026 lltt.
325 2978 380 3026 eius
386 2979 560 3027 commentarii
566 2978 610 3030 99.

104 3043 196 3161 Albaue
220 3042 339 3110 Crispus,
363 3052 463 3096 curator
487 3059 611 3108 rqumum

103 3178 248 3230 Albudinus
265 3179 323 3230 lons
343 3182 385 3234 14.

103 3246 228 3295 Alsietina
246 3263 312 3309 aquo
329 3252 355 3299 4.
375 3248 407 3297 ab
419 3248 535 3312 Augusto
549 3263 609 3313 per-

137 3312 225 3373 ducta,
261 3328 351 3377 parum
381 3315 507 3374 sulubris3
542 3317 609 3367 solet

139 3388 230 3434 nquam
249 3377 309 3431 duis
328 3384 354 3430 ln
367 3383 511 3433 subsidium
523 3385 607 3447 publi·

670 2562 759 2612 Fulvio
771 2559 862 2611 Flunoo
880 2559 906 2612 0.
921 2575 1025 2624 nomon,
1039 2575 1148 2626 concep-

670 2633 722 2697 tio,
747 2629 881 2696 longitudo
909 2631 934 2682 6.
964 2629 1007 2683 13.
1038 2629 1149 2680 Marcius

671 2715 730 2750 eum
747 2699 829 2750 reduit
848 2705 874 2748 et
895 2699 1008 2748 vindieat
1027 2699 1053 2749 7.
1073 2699 1151 2750 resti-

671 2777 739 2818 tutus
758 2770 789 2819 ab
809 2767 928 2834 Agrippa
946 2767 972 2818 9.
992 2767 1095 2832 piscine
1104 2767 1146 2819 21.

670 2837 764 2902 ancipit
782 2851 908 2900 squama
926 2833 1022 2885 Mareia
1041 2837 1085 2888 61.
1105 2836 1149 2884 dut

670 2914 770 2971 purtem
795 2906 878 2968 u'quoe
901 2906 927 2954 in
947 2903 1148 2969 specum-Oeta-

670 2976 791 3034 vienum;
815 2973 979 3024 distribuitur
1004 2975 1049 3026 21.
1082 2987 1147 3037 aqua

669 3043 817 3094 turbulenta
834 3042 877 3093 90.
899 3056 950 3091 non
961 3050 1049 3092 tamen
1063 3051 1146 3104 uocet,

670 3113 731 3174 quia
756 3112 823 3163 libra
850 3110 959 3162 inferior
986 3110 1030 3162 91.
1061 3115 1146 3162 minus

669 3179 793 3242 salubris,
817 3181 844 3229 in
866 3179 999 3231 hortorum
1016 3181 1147 3250 irrigatio-

668 3248 1146 3300 nemutinurbissordidiorumiuiste-
1228 3281 1229 3284 =

667 3317 707 3366 ria
723 3319 788 3368 exiit
798 3317 841 3367 92.
859 3317 953 3367 modus
970 3319 1145 3379 quinariamru

666 3385 711 3437 00.
731 3386 845 3451 erogatio
865 3383 975 3437 (10.00.

138 3451 224 3514 corum
263 3447 421 3506 salientium
464 3453 607 3519 conceptio,
633 3451 661 3504 0.
679 3453 807 3503 Antistius
826 3454 907 3503 Vetus
924 3468 979 3506 cos.
999 3452 1060 3504 102.

137 3501 271 3565 longitudo
299 3511 340 3561 11.
370 3515 491 3567 humilior
516 3520 607 3572 ceteris
631 3519 787 3585 Apollinaris
806 3520 863 3571 ious
882 3519 920 3586 (t)
939 3523 966 3573 4.
