2475 3909
222 224 567 286 susannenrmmcon
579 226 650 277 nra.
659 226 710 275 111.
730 225 808 278 our.
822 228 919 278 11.111.
1062 214 1111 277 63

52 382 153 528 cpesis
182 381 299 461 aperuit
332 380 475 441 exercitui
504 379 637 443 Romano
663 382 768 443 urbem
799 382 946 445 nobilibus
973 383 1105 444 victoriis

50 485 66 526 c
81 484 176 527 aram.

144 562 174 625 3.
220 563 393 645 Tarquinius
409 566 450 625 Su
474 564 573 643 erhns,
599 584 664 627 cum
681 566 790 628 Gabios
812 568 841 627 in
856 567 1034 634 deditionem
1056 583 1104 625 ac·

51 651 161 727 cipere
193 664 252 708 uon
285 658 407 728 posset,
470 650 526 709 irnn
554 670 638 710 suurn
667 653 788 713 sextum
817 669 936 711 caesum
955 652 1047 732 virgis
1069 649 1106 710 ad

52 734 175 793 hostem
201 734 288 793 misit.
328 733 357 793 ls
384 735 515 795 incusata
537 736 630 813 patris
656 737 779 796 saevitia
804 738 950 815 persuasit
975 733 1104 809 Gabinis,

53 818 125 878 odio
141 834 199 877 suo
217 817 361 877 adversus
374 836 478 895 regern
499 827 665 889 merentum
689 828 719 878 et
732 820 791 880 dun
810 820 847 881 ad
863 820 973 881 bellum
991 819 1106 880 electus

50 901 175 962 tradidit
198 902 273 980 patri
292 901 412 963 Gabios.

142 1002 173 1059 4.
219 1000 335 1060 Dareus
357 999 511 1061 Persarum
533 1019 588 1081 ren
610 1020 691 1063 suum
714 1004 849 1064 comitem
871 1004 1029 1084 Zopyrum,
1054 1020 1104 1062 ex·

53 1086 175 1165 plorata
197 1086 261 1145 eius
284 1084 360 1160 lide,
383 1093 514 1145 truncata
533 1086 570 1146 de
591 1088 730 1148 industria
744 1089 820 1149 facie
847 1088 883 1149 ad
903 1090 1005 1149 hostes
1025 1087 1105 1148 dimi·

52 1173 102 1230 sit.
150 1168 224 1246 llle,
251 1168 422 1229 adsentante
446 1170 611 1230 iniuriamm
638 1172 713 1250 lide,
743 1174 871 1234 creditus
893 1172 1105 1234 inimicissimus

51 1254 173 1328 Dareo,
200 1271 265 1312 curn
288 1252 364 1312 hanc
387 1254 609 1332 persuasionem
635 1256 787 1316 adiuvaret
814 1256 1015 1336 procurrendo
1037 1272 1106 1333 pro·

53 1340 122 1416 pins
140 1337 275 1411 hostem,
297 1338 432 1415 quotiens
453 1339 516 1398 acie
538 1338 757 1414 decertaretur,
780 1348 810 1399 et
830 1342 859 1397 in
881 1359 946 1398 enm
964 1339 1024 1398 tela
1039 1338 1105 1397 diri·

50 1422 173 1499 gendo,
198 1423 381 1481 commissam
410 1420 465 1480 sibi
484 1420 710 1497 Babyloniorum
739 1420 839 1481 urbem
862 1422 977 1482 tradidit
996 1420 1105 1480 Dareo.

145 1523 175 1581 5.
223 1520 392 1600 Philippus,
423 1519 532 1600 oppido
564 1520 717 1581 Saniorum
752 1521 907 1598 exclusus,
936 1518 1107 1599 Apollonidi

52 1605 214 1687 praelecto
238 1622 339 1665 eorum
362 1605 397 1664 ad
417 1605 613 1684 proditionem
630 1615 770 1685 corrupto
794 1607 950 1685 persuasit,
973 1613 1003 1663 ut
1025 1605 1107 1683 plau·

54 1699 149 1751 strum
172 1690 272 1768 lapide
292 1690 433 1768 quadrato
453 1697 603 1748 oneratum
619 1691 727 1767 inipso
746 1691 822 1750 aditu
844 1700 947 1769 portae
965 1697 1106 1767 poneret:

53 1783 84 1834 et
107 1774 267 1835 confestim
291 1775 374 1865 signo
396 1772 464 1833 dato
490 1774 657 1849 insecutus,
682 1776 846 1855 oppidanos
868 1776 947 1836 ciroa
970 1773 1108 1852 impedita

54 1869 162 1939 portae
187 1857 314 1919 claustra
336 1857 517 1936 trepidantes
539 1856 698 1935 obpressit.
953 1853 963 1869 '

1013 1918 1031 1950 1

143 1959 174 2020 6.
218 1958 362 2019 Hannibal
391 1956 468 2037 apud
497 1956 669 2034 Tarentum,
698 1977 776 2038 quae
798 1961 947 2038 praem'dio
975 1958 1107 2019 Romano

53 2043 236 2105 duce'Livio
253 2042 423 2117 tepebatui‘,
443 2039 613 2101 Cononeum
629 2043 780 2119 quemdam
796 2044 1010 2121 Tarentinum„
1020 2061 1108 2124 quem

53 2130 90 2189 ad
110 2128 310 2208 proditionem
332 2126 564 2203 sollicitaverat,
590 2126 734 2187 eiusmodi
760 2127 878 2187 fallacia
905 2130 1056 2203 instruxit,
1076 2119 1113 2185 ni

53 2232 109 2291 per
132 2230 254 2281 cansam
275 2211 400 2271 venandi
427 2218 516 2269 noctu
538 2209 733 2288 procederet,
760 2211 844 2288 qnasi
866 2210 894 2270 id
917 2230 972 2289 per
992 2210 1108 2289 hoptem

51 2297 184 2356 interdiu
199 2313 257 2355 non
271 2295 385 2355 liceret.
431 2292 563 2370 Egresso
581 2293 646 2371 ipse
664 2312 758 2385 apros
769 2293 1017 2369 subministrabat,
1033 2310 1108 2370 quos

50 2382 105 2441 ille
130 2389 278 2459 tamquam
300 2398 338 2439 ex
368 2387 488 2456 captura
509 2376 764 2439 Livio-obferret:
789 2378 879 2457 idque
901 2395 966 2437 cum
988 2376 1107 2453 saepius

48 2466 164 2527 factum
184 2473 265 2523 esset
287 2473 316 2523 et
339 2463 406 2523 ideo
426 2454 519 2521 r'ninus
536 2461 746 2523 observaretur
756 2463 910 2542 ,·quadam
919 2469 1015 2521 nocte
1032 2459 1107 2521 llan-

49 2549 134 2609 nibal
157 2556 329 2607 venatorum
350 2546 449 2607 habitu
472 2544 589 2605 Poenos
612 2546 766 2609 comitibus
782 2550 845 2607 eius
867 2547 1036 2607 immiscuit:
1059 2545 1109 2623 qui

51 2652 119 2693 cnm
141 2632 240 2707 onusti
263 2634 419 2691 venatione
442 2647 527 2708 quam
549 2630 684 2691 ferebant
709 2633 825 2711 recepti
838 2640 949 2713 ,essent
970 2649 987 2691 a
1010 2639 1107 2690 custo·

51 2717 166 2792 dibus,¹
180 2724 321 2795 protenus
344 2733 397 2777 eos
414 2715 513 2783 adorti
529 2715 711 2775 cediderunt.
751 2716 822 2777 Tum
839 2716 936 2777 fracta'
956 2724 1042 2796 porta
1059 2714 1108 2774 ad·

51 2802 164 2860 missos
187 2818 252 2859 cum
271 2802 404 2860 exercitu
420 2797 564 2859 Hannibal
587 2815 688 2857 omnes
704 2798 852 2859 Romanos
869 2800 1034 2875 interiecit,
1057 2816 1108 2859 ex·

53 2885 153 2964 ceptis
174 2884 219 2944 his
242 2886 291 2963 qui
314 2886 342 2944 in
365 2901 462 2945 arcem
485 2881 687 2960 profugerunt.

143 2986 172 3045 7.
217 2982 408 3060 Lysimachus
435 3001 490 3041 rex
513 2979 722 3054 Macedonum,
752 2996 816 3039 cunr
842 2977 992 3057 Ephesios
1018 2976 1110 3056 obpu-

51 3076 177 3146 gnaret,
207 3077 237 3128 et
258 3068 301 3129 illi
324 3070 353 3128 in
375 3066 484 3127 auxilio
514 3064 658 3126 haberent
678 3063 868 3125 Mandronem
894 3061 1111 3139 archipiratam,

52 3154 102 3232 qui
125 3152 302 3231 plerumque
333 3160 469 3213 oneratas
497 3150 607 3227 praeda
637 3167 729 3209 naves
751 3148 902 3226 Ephesum
929 3143 1111 3224 adpellebat,

53 3246 198 3316 corrupto
229 3238 257 3295 ei
285 3235 322 3296 ad
351 3233 547 3314 proditionem
577 3234 669 3293 iunxit
695 3232 873 3294 lortissimos
901 3229 1110 3291 Macedonum:

51 3338 129 3399 qnos
153 3338 220 3381 oum
237 3320 288 3381 ille
309 3320 453 3381 restrictis
474 3316 606 3379 manibus
630 3334 685 3396 pro
708 3318 832 3396 captivis
854 3314 1004 3395 Ephesum
1019 3315 1111 3375 intro·

51 3405 194 3551 plppdcprruep3
224 3415 329 3486 postea
349 3403 442 3485 raptis
470 3422 508 3465 ex
530 3419 602 3464 arce
622 3403 710 3463 armis
725 3399 833 3498 'urbem
853 3399 1029 3478 lysimacho
1053 3408 1112 3461 tra·
