2475 3909
105 242 168 292 xiv
541 246 740 295 PRAEFATIO

102 402 258 459 Munatium
287 402 434 468 i’taoeum3
458 405 520 477 qui,
539 407 609 461 urbe
624 404 721 462 dedita
737 406 884 461 veniama
908 406 1031 462 Caesare
1054 404 1154 476 impio·

104 502 185 557 rans,
206 502 264 543 non
278 487 447 559 impetravit.
473 491 566 545 Antea
580 490 688 560 Mareii,
703 490 868 561 priusquam
884 488 931 545 hie
946 487 984 544 ad
1000 488 1152 545 Caesarem

104 571 263 639 transierat,
279 571 482 628 cornicularius
497 574 599 642 iuerat,
615 577 687 629 teste
701 574 845 629 Frontino.
865 563 880 651 ΙΙ
901 579 927 632 3.
943 574 1154 645 exciperentur)

104 670 161 709 non
176 656 364 727 eomparatur.

191 737 259 809 Cap.
274 737 338 791 XV.
354 742 381 795 3.
397 740 491 808 arato)
507 739 593 810 Vulg.
608 753 694 810 saepe
710 756 770 793 ar..·
792 738 869 810 quod
885 740 919 795 ab
942 738 1054 810 optimis
1073 738 1153 793 libris

104 823 193 877 abest.
208 813 222 899 ΙΙ
237 827 264 879 5.
276 820 441 890 aarcenoo)
455 837 520 876 eum
536 821 617 889 Oud.,
632 838 685 892 pro
700 836 838 878 66666666.
853 814 946 900 116666
960 836 992 877 66
998 821 1154 893 pararant)

102 902 187 975 Vuig.
202 910 341 959 aatcaooo
352 909 493 973 paverant
501 918 618 976 pecora.
655 905 795 961 Ridiouie.
837 905 958 961 Secutus
980 923 1042 961 sum
1063 904 1153 959 Patet.

101 987 169 1042 Vox
178 1000 314 1057 poaoraa
329 986 421 1042 multis
434 988 512 1044 libris
526 990 614 1058 abest,
629 990 656 1043 in
672 990 734 1044 aiiis
750 989 805 1043 alio
818 989 881 1045 ioco
895 989 1022 1059 ponitur3
1044 988 1081 1043 ad
1096 987 1155 1043 hoo

102 1069 174 1125 inira
189 1068 313 1141 nequitur
323 1079 422 1147 earam
433 1074 504 1140 (non
516 1075 635 1141 eoram).
658 1072 738 1128 litata
751 1079 842 1127 estex
860 1087 920 1142 seq.
933 1086 1042 1143 pecora
1049 1084 1153 1141 paree-

102 1159 173 1209 rent.
190 1144 204 1233 ΙΙ
218 1155 311 1226 impul.
323 1156 436 1226 praee.)
448 1154 489 1209 ita
502 1155 637 1224 Petrene„
652 1172 708 1211 non
718 1170 815 1227 praee.
827 1155 997 1211 merant.
1012 1145 1026 1235 Η
1041 1158 1067 1213 6.
1079 1169 1156 1210 com·

98 1240 225 1309 portare)
234 1238 274 1292 Ita
285 1238 421 1305 Petrens„
432 1254 490 1293 non
500 1240 671 1313 compellere,
682 1238 758 1311 quod
769 1256 805 1294 ex
816 1238 949 1311 praeced.
961 1236 1017 1292 hue
1029 1237 1152 1310 irrepsit.

188 1318 255 1392 Cap.
268 1320 344 1401 nivi.
359 1326 386 1380 a.
405 1335 436 1378 aa
448 1324 546 1394 pone.)
566 1336 596 1378 ee
614 1324 709 1395 recepi
730 1338 746 1377 e
766 1324 892 1378 Petrens.
923 1313 938 1398 ss
967 1321 1069 1389 dilatat)
1084 1336 1153 1377 oum

103 1404 208 1475 Lipsio‚
219 1420 271 1475 pro
287 1405 366 1459 datia.
382 1396 396 1483 Η
412 1418 450 1460 ero
460 1404 608 1474 Romania)
631 1405 672 1460 ita
684 1405 760 1461 Med.
776 1420 823 1475 pr:
846 1404 955 1459 Addidi
968 1418 1061 1471 raros,
1073 1402 1153 1474 qnod

104 1488 133 1543 in
148 1494 305 1544 ceterorum
320 1488 453 1544 librorum
468 1489 591 1550 lectione
605 1493 632 1543 et
644 1489 787 1544 Romanor
800 1490 874 1543 latet.

189 1570 258 1644 Cap.
278 1570 524 1639 divinatores)
545 1573 631 1643 Vuig.
652 1571 752 1628 Vair'aa
768 1570 810 1627 ct.
829 1570 876 1624 lii.
889 1574 916 1636 3,
930 1571 957 1626 6.
974 1560 1154 1647 1116666166)

103 1672 140 1711 ax
154 1654 243 1722 Leid.,
256 1670 309 1725 pro
322 1656 461 1710 dicantar.
487 1646 502 1733 fl
525 1658 552 1712 1.
568 1668 605 1709 eoe
614 1655 695 1724 unp.)
709 1654 814 1724 Recepi
830 1667 962 1723 praepos.
979 1668 1015 1705 ex
1029 1651 1105 1707 Med.
1123 1659 1153 1707 et

102 1740 228 1795 Petrens.
248 1729 262 1816 ΙΙ
282 1740 308 1793 t.
324 1738 480 1807 oraptr'ono)
502 1753 564 1792 oum
584 1737 688 1808 Lipsio,
705 1752 759 1807 pro
772 1737 952 1807 eruptionem.
969 1726 983 1814 ΙΙ
998 1740 1023 1795 6.
1037 1738 1120 1809 repo)
1134 1753 1152 1790 e

102 1822 184 1878 bonis
196 1820 280 1876 codd.
291 1821 410 1877 restitui.
424 1811 438 1899 Η
454 1821 575 1889 artiora)
589 1836 653 1876 cum
661 1818 812 1887 Stoweoh„
826 1836 878 1891 pro
890 1821 1038 1891 amphiare.
1052 1820 1153 1876 Castra

104 1904 158 1958 iam
171 1904 275 1975 exigua
290 1908 386 1973 erant,
399 1904 486 1959 reiert
498 1902 602 1961 Caesar
621 1904 649 1959 b.
664 1905 695 1959 G.
706 1904 801 1979 V·.4⁹›
815 1902 868 1959 aed
882 1904 965 1958 etiam
982 1905 1153 1974 1116ςί6666-

101 1988 200 2055 trnxit,
219 1992 249 2043 ut
261 1986 372 2051 hostem
388 1988 504 2043 falleret.
541 1988 588 2043 An
602 1990 783 2059 anpartiora?
802 1978 817 2066 ΙΙ
833 1988 1012 2063 6666166666
1027 1990 1153 2059 aptatae)

103 2070 121 2126 i.
137 2084 163 2125 e.
179 2069 216 2126 ad
229 2071 378 2143 proelium.
394 2070 415 2125 Ι.
428 2074 455 2139 8;
471 2076 503 2129 5:
518 2074 615 2142 aptari
625 2073 703 2141 iaarajt
716 2072 815 2126 militer
833 2070 873 2125 ad
885 2086 1023 2142 paronam.
1053 2071 1151 2142 Nega-

102 2154 208 2209 tionem
236 2170 292 2211 non
318 2154 381 2226 ipae
405 2156 521 2224 inserui,
547 2170 578 2210 re
606 2156 644 2211 ita
665 2153 819 2237 flagitante.
851 2154 954 2209 Hostes
976 2154 1152 2226 intelligendi

103 2245 176 2307 sunt,
192 2238 321 2311 occupati
342 2238 471 2297 infossis
487 2239 638 2310 implendis
661 2244 689 2293 et
708 2240 784 2293 vallo
802 2236 968 2293 scindendo.
1009 2237 1050 2294 ct
1067 2239 1150 2295 Caes.

103 2338 130 2378 6.
144 2328 189 2383 61.
203 2314 218 2402 ΙΙ
233 2327 260 2384 7.
272 2323 422 2395 plurimos)
447 2323 576 2378 inbonis
602 2323 681 2379 libris
701 2327 745 2377 est
758 2322 920 2393 plurimam.
950 2323 996 2377 An
1010 2322 1150 2392 plurimo·

102 2423 168 2461 ram
187 2409 327 2463 civitates?
348 2406 429 2463 Caes.
444 2405 473 2461 b.
492 2406 524 2461 G.
542 2405 587 2459 111.
609 2409 659 2464 19:
678 2407 799 2461 civitaten
819 2419 913 2461 omnes
933 2405 1163 2482 666166ἰά61666.Ι

103 2482 117 2564 Η
134 2494 160 2548 8.
175 2492 350 2560 oppapnanto
363 2489 472 2558 aarum)
503 2489 544 2543 ita
556 2489 619 2561 iego
636 2490 807 2551 exPetrens.
821 2491 1024 2561 (oppapnante)
1040 2494 1068 2543 et
1082 2490 1152 2544 aiio·

101 2586 163 2625 rum
186 2573 319 2627 librorum
342 2572 487 2643 vestigiis,
512 2588 564 2645 pro
590 2580 783 2646 oppaooataro
797 2574 941 2645 oppidum,
962 2573 1026 2644 ipsa
1039 2588 1070 2627 re
1085 2588 1150 2629 earn

100 2652 324 2710 emendationem
339 2661 485 2725 poscente.

185 2739 245 2796 Lib.
259 2738 308 2793 lV.
328 2738 494 2795 Praetutia
505 2737 570 2807 hoe)
587 2737 660 2793 libro
675 2743 785 2809 quarto.
806 2736 899 2810 Supra
910 2740 993 2795 triam
1005 2738 1149 2809 librorum,

99 2822 173 2877 intia
182 2824 321 2894 priorum.
338 2813 351 2901 Η
365 2822 481 2878 Eisone
491 2834 539 2879 roa
555 2824 623 2891 eto.)
655 2822 695 2876 lta
710 2822 803 2878 loeum
820 2824 928 2879 restitui
945 2838 1008 2879 oum
1024 2821 1096 2879 Oud.
1112 2839 1150 2878 ex

100 2906 233 2962 librorum
252 2906 392 2978 vestigiis.
420 2906 507 2978 Vulg.
524 2910 550 2961 et
564 2918 639 2961 aona
652 2906 849 2961 aeiatraeidaa
869 2922 936 2978 erp.
948 2911 1022 2967 sant.
1052 2907 1150 2963 Verba

99 2997 127 3047 ot
141 2992 206 3064 ipae,
220 3000 293 3061 quae
308 2996 372 3046 ante
382 2991 507 3047 ordinem
521 2990 723 3061 vulgabantur‚
737 3006 801 3044 eum
816 2996 944 3060 quattuor
959 3004 1028 3045 mss.
1043 2989 1148 3047 delevi.

186 3073 253 3145 Cap.
272 3074 291 3131 Ι.
310 3078 336 3133 a.
362 3088 411 3147 696
432 3075 510 3142 aero)
533 3090 569 3127 ex
582 3074 719 3145 Petrens„
741 3088 794 3145 pro
810 3088 859 3145 epo
872 3086 928 3128 eor.
952 3065 967 3151 U
991 3077 1017 3130 4.
1033 3073 1149 3143 Paullo)

101 3157 181 3213 Certe
194 3159 298 3213 rectius
319 3156 373 3213 hoo
389 3172 492 3212 nomen
505 3158 582 3226 (Liv.
596 3155 683 3211 XXII.
696 3158 755 3225 38),
773 3173 856 3227 quam
867 3158 980 3212 Flacco.
994 3148 1008 3236 Η
1025 3161 1068 3216 14.
1083 3156 1149 3213 Ma·

99 3239 210 3308 levent.)
230 3240 359 3310 Plerique
374 3242 438 3298 libri
454 3239 636 3297 Stataeniam.
656 3241 743 3311 Vutg.
759 3242 953 3296 Beneventum.
969 3232 984 3319 ΙΙ
998 3244 1042 3300 17.
1050 3242 1150 3298 'moire

98 3326 178 3375 mort.
199 3321 300 3390 dubit.)
318 3324 460 3396 Italego,
481 3340 534 3397 pro
551 3325 660 3380 dubiam
677 3330 790 3379 mortem
805 3326 960 3381 timaaaront.
993 3324 1071 3380 Leid.
1089 3342 1150 3381 seo.

97 3406 260 3461 adorarent.
289 3404 384 3462 Valet.
401 3406 476 3463 Max.
492 3408 524 3463 ΙΙ.
538 3413 567 3478 7,
579 3415 605 3467 2.
622 3409 751 3463 Externa
775 3406 834 3474 Quo
851 3413 949 3479 aperte
961 3404 1148 3475 denuntiabat,

95 3485 238 3557 satorum,
255 3493 286 3544 at
304 3489 548 3564 spiritampoonae
561 3492 765 3565 impenderoat,
786 3504 865 3564 quem
879 3506 992 3565 pronao
1004 3498 1149 3565 acceparat
