2475 3909
68 215 419 269 susanneuuanroou
436 218 509 267 nra.
523 217 561 266 11.
578 216 838 267 esem-nra.
852 218 903 268 111.
915 219 1040 269 samu.
1078 206 1121 269 ta

69 372 139 447 Qua
155 371 351 453 persuasione
363 371 506 449 digressis
521 372 589 433 iude
599 371 725 452 Parthis,
744 375 852 435 iustum
869 376 927 437 iter
942 374 1059 454 reliquo
1073 362 1122 435 die

70 458 139 517 sine
162 456 403 535 interpellatione
425 456 564 517 coniecit.

163 538 193 601 8.
238 538 406 619 Philippus,
435 541 464 600 in
485 538 576 619 Epiro
597 541 708 616 victus,
735 561 773 602 ne
799 542 959 621 inpietatem
979 558 1045 601 eum
1063 539 1123 600 Ro·

69 626 152 685 mani
173 634 358 703 premerent,
385 624 516 684 inducias
537 624 573 685 ad
591 625 783 702 sepeliendos
797 629 847 706 qui
868 627 950 691 caesi
971 634 1055 685 erant
1073 625 1123 684 im·

72 710 225 789 petravit,
249 717 279 767 et
299 709 337 769 ob
360 709 389 770 id
410 706 627 769 remissioribus
650 710 821 771 custodibus
843 714 948 773 evasit.

163 792 194 853 9.
238 791 269 851 P.
288 789 444 865 Claudius,
463 792 559 853 navaii
578 793 695 870 proelio
709 805 864 873 superatus
879 814 897 857 a
912 792 1035 868 Poenis,
1059 810 1125 853 cum

73 895 132 957 per
160 876 287 936 hostium
312 875 464 955 praesidia
486 894 613 935 necesse
646 877 769 939 haberet
794 897 966 959 erumpere,
993 876 1123 955 reliquas

73 961 187 1039 viginti,
202 976 292 1019 naves
315 969 460 1039 tamquam
482 961 622 1021 victrices
643 963 725 1023 iussit
746 965 857 1032 ornari;
877 973 966 1043 atque
987 963 1028 1023 ita
1049 959 1123 1020 Poe·

74 1046 122 1105 nis
129 1091 140 1125 ,
167 1044 396 1105 existimantibus
421 1045 594 1123 superiores
617 1044 710 1107 fuisse
732 1048 798 1108 acic
820 1055 957 1124 nostros,
984 1044 1124 1107 terribilis

75 1129 220 1190 excessit.

167 1212 215 1272 10.
260 1209 351 1271 Poeni
372 1209 470 1271 classe
491 1212 637 1290 superati,
660 1214 727 1291 quia
747 1214 901 1275 instantem
911 1224 1049 1277 avertere
1063 1212 1123 1273 Ro·

73 1315 191 1358 maaum
213 1294 386 1371 studebant,
411 1296 618 1357 simulavemnt
637 1298 667 1355 in
685 1298 866 1359 nadaberes
883 1316 953 1359 suas
972 1297 1123 1371 incidisse,

73 1382 295 1458 haerentesque
324 1381 423 1439 imitati
447 1380 627 1455 effecerunt,
657 1389 688 1439 ut
709 1382 805 1441 victor
827 1398 930 1441 eorum
949 1382 1055 1441 timeus
1076 1398 1123 1441 ca·

74 1484 142 1526 sum
162 1465 287 1544 spatium
309 1463 344 1523 ad
367 1463 548 1525 evadendum
567 1463 660 1523 daret.
778 1540 781 1547 Ι

165 1549 214 1609 11.
260 1545 406 1608 Commius
433 1547 579 1624 Atrebas,
612 1565 677 1607 cum
704 1547 799 1607 vietus
829 1566 846 1609 a
872 1545 950 1608 Divo
983 1545 1058 1609 lulio
1085 1565 1125 1608 ex

76 1632 173 1695 Gallia
200 1634 228 1691 in
250 1630 422 1691 Britanniam
450 1631 567 1709 fugeret
595 1640 626 1691 et
652 1631 730 1693 forte
758 1631 795 1691 ad
816 1630 964 1693 Oceanum
992 1630 1123 1692 seeundo

75 1726 166 1777 vento
191 1715 305 1794 quidem
330 1716 385 1776 scd
410 1725 493 1776 aestu
516 1715 678 1777 recedente
698 1717 847 1793 venisset,
878 1717 1008 1795 quamvis
1033 1732 1126 1777 naves

77 1803 105 1861 in
133 1800 222 1861 siccis
251 1799 385 1860 litoribus
413 1800 586 1874 haererent,
614 1800 702 1879 pandi
732 1801 916 1863 nibilominus
942 1800 1010 1861 vela
1032 1800 1124 1859 iussit.

77 1884 162 1957 Quae
186 1900 252 1943 eum
273 1901 457 1963 persequens
476 1902 541 1945 eum
561 1883 729 1945 Caesares
755 1885 915 1965 longinquo
937 1885 1073 1947 tumentia
1096 1892 1127 1944 et

76 1968 145 2029 flatu
166 1967 256 2048 plena
277 1968 415 2045 vidisset,
434 1977 514 2030 ratus
537 1986 685 2049 prospero
703 1969 759 2031 sibi
780 1971 965 2051 eripieursu,
988 1969 1125 2034 recessit.

491 2162 710 2173 —n—-n-

373 2334 463 2435 stt.
490 2338 600 2436 loth
620 2340 823 2437 rtatim

160 2509 628 2586 sunnunennnmoou
654 2512 793 2587 niusa
820 2509 1033 2601 nuncios

525 2652 689 2665 *uu—-

442 2740 764 2809 PRAEFATIO.

165 2886 198 2946 si
220 2887 335 2965 priores
349 2885 416 2945 libri
438 2884 655 2964 responderunt
671 2882 762 2942 titulis
777 2884 837 2943 suis
850 2891 880 2942 et
891 2884 1033 2943 lectorem
1054 2882 1125 2941 huc·

73 2988 173 3051 usque
203 2988 267 3030 cum
291 2969 459 3032 adtentione
481 2968 698 3048 perduxerunt,
726 2966 811 3027 edam
836 2983 912 3025 nunc
934 2967 1014 3025 circa
1033 2964 1126 3041 obpu-

73 3056 233 3134 gnationes
255 3054 369 3114 urbium
390 3053 640 3132 defensionesque
663 3059 888 3129 strategemata;
909 3065 966 3108 nec
988 3046 1127 3107 morabor

73 3138 137 3200 aila
153 3139 394 3218 praelocutione,
415 3139 502 3217 prius
513 3138 670 3199 traditurus
692 3154 768 3215 quae
784 3132 988 3213 obpugnandis
1006 3129 1126 3190 urbibus

74 3224 142 3285 usui
169 3231 251 3299 sunt,
279 3233 338 3284 tum
353 3236 441 3301 'quae
470 3221 611 3283 obsessos
640 3224 786 3282 instruere
807 3219 930 3298 possint.
972 3215 1127 3295 Depositis

73 3316 175 3369 autem
201 3306 342 3387 operibus
370 3316 400 3367 et
422 3306 676 3382 machinamentis,
706 3320 829 3384 quorun
849 3302 969 3382 expleta
989 3302 1046 3362 iam
1067 3301 1126 3379 pri·

73 3392 146 3453 dam
158 3391 328 3453 inventione
348 3392 457 3453 nullam
477 3390 562 3452 video
577 3391 653 3451 ultra
670 3388 772 3451 artium
785 3388 947 3467 materiam,
970 3388 1023 3449 has
1047 3386 1128 3447 circa

73 3477 327 3557 expugnationem
348 3476 467 3557 speeies
490 3482 722 3553 strategematon
742 3473 876 3535 fecimus.
