2475 3909
136 188 177 249 to
465 198 541 247 spx.
563 198 654 247 roura
680 198 851 247 rnourrrn

137 354 258 415 interius
281 360 430 426 scutatos,
458 351 486 411 in
507 351 703 424 remotissimo
732 352 863 430 equites,
892 368 930 410 ne
953 350 1070 411 fremitu
1093 368 1188 429 equo·

136 456 199 499 rum
230 438 357 515 cogitata
384 436 594 513 proderentur:
622 436 778 512 quiescere
798 451 900 494 omnes
921 435 1040 494 silentio
1063 444 1188 494 servato

137 524 166 582 in
194 521 293 581 horam
318 520 433 580 tertiam
461 520 519 579 diei
545 518 655 579 iubent.
701 516 772 579 Gum
799 518 905 578 deiude
933 519 1108 596 Pompeiani
1139 537 1187 577 se·

139 608 200 665 curi
230 606 399 683 curvatique
423 602 530 681 pabulo
555 602 591 662 de
617 602 712 663 reditu
740 604 922 679 cogitarent,
952 612 982 662 et
1007 604 1027 662 ii
1050 619 1188 680 quoque,

139 691 186 768 qui
209 691 237 749 in
259 690 383 748 statione
404 686 538 762 l'uerant,
568 688 666 765 quiete
689 688 799 747 invitati
821 686 858 745 ad
879 686 1016 764 pabulum
1039 687 1188 763 colligen-

138 774 203 833 dum
224 772 434 839 dilaber‘entur;
457 771 554 831 emissi
575 772 696 848 primurn
718 770 838 849 Hispani
857 770 1017 830 velocitate
1033 771 1142 848 gentili
1161 772 1190 829 in

138 857 271 935 palantes
290 855 488 928 eliunduntur,
512 864 541 915 et
559 855 769 915 convulnerant
784 854 1021 932 confunduntque
1036 854 1113 913 nibil
1128 854 1190 913 tale

138 948 362 1017 exspectantes:
387 939 467 1016 prius
478 938 601 1015 deinde,
625 957 710 1016 quam
728 940 826 999 resisti
842 938 887 997 bis
908 939 1103 1016 inciperetur,
1121 956 1189 996 scu·

136 1025 188 1083 tati
211 1031 363 1101 erumpunt
384 1041 401 1081 e
429 1022 519 1097 silva,
548 1031 576 1081 et
598 1022 756 1082 redeuntes
783 1023 812 1081 in
839 1022 971 1082 ordinem
993 1031 1191 1081 consternunt

137 1116 327 1186 vertuntque;
351 1105 526 1183 fugientibus
541 1108 657 1185 equites
671 1107 806 1181 immissi,
826 1114 888 1165 toto
908 1123 962 1166 eos
984 1108 1104 1183 spatio,
1130 1123 1189 1184 qno

137 1191 286 1251 redibatur
313 1193 342 1249 in
370 1200 481 1269 castra,
511 1192 661 1268 persecuti
688 1190 821 1250 caedunt.
866 1188 943 1250 Cura
969 1199 1028 1249 tum
1052 1207 1189 1267 qnoque,

137 1293 174 1334 ne
196 1276 261 1353 quis
280 1274 438 1351 effugeret:
460 1291 525 1333 nam
546 1273 651 1352 reliqui
670 1274 787 1335 ducenti
814 1282 844 1333 et
866 1275 1079 1351 quinquaginta
1107 1275 1189 1350 equi·

137 1369 199 1435 tes,
221 1361 374 1437 praemissi
395 1358 483 1418 laoile
504 1377 558 1436 per
580 1357 752 1437 compendia
769 1360 902 1417 itinerum
923 1358 1025 1417 ellusis
1048 1358 1187 1431 habenis,

138 1454 291 1522 antequam
310 1443 346 1503 ad
368 1451 463 1503 castra
485 1441 615 1519 Pompeii
636 1444 858 1520 perveniretur,
882 1443 1022 1501 conversi
1044 1460 1188 1501 occurre·

138 1537 204 1587 runt
226 1529 287 1602 eis,
311 1528 359 1605 qui
379 1528 461 1605 primi
482 1526 626 1604 fugerant.
670 1525 717 1586 Ad
737 1526 819 1585 culus
837 1527 881 1585 rei
903 1544 1022 1585 sensum
1041 1525 1186 1604 Pompeio

139 1613 287 1671 emittente
309 1610 456 1687 legionem
473 1627 536 1671 cum
551 1608 588 1671 D.
601 1608 700 1671 Laelio
721 1611 750 1669 in
771 1610 946 1687 praesidium
961 1627 1101 1686 suorum,
1119 1610 1185 1669 sub·

140 1695 217 1755 ducti
245 1696 273 1753 in
298 1695 430 1754 dextrum
459 1692 550 1767 latus,
580 1694 661 1753 velut
685 1693 837 1770 lugerent,
866 1702 1022 1753 cesserunt
1051 1696 1185 1771 equites:

139 1778 262 1853 dende,
293 1796 357 1836 oum
379 1779 416 1836 ita
441 1776 588 1852 legionem
612 1777 687 1837 hanc
709 1796 725 1837 a
747 1787 833 1854 tergo
856 1778 1045 1855 infestarent,
1069 1779 1186 1855 iamque

140 1862 226 1921 etiam
245 1878 260 1919 a
280 1861 375 1919 fronte
391 1860 439 1937 qui
453 1858 642 1937 pabulatores
657 1864 805 1939 persecuti
825 1871 908 1921 erant
926 1863 1124 1937 incursarent,
1144 1863 1186 1920 sic

139 1944 219 2020 legio
241 1960 357 2021 quoque
383 1944 458 2001 inter
480 1942 550 2004 duas
572 1944 652 2003 acies
675 1944 798 2004 bostium
823 1964 886 2006 eum
910 1946 1011 2023 legato
1033 1964 1090 2005 suo
1114 1945 1187 2004 elisa

140 2035 201 2085 est:
223 2027 259 2085 ad
276 2028 357 2085 ouius
376 2028 550 2105 praesidium
566 2027 706 2107 Pompeio
727 2038 818 2089 totum
841 2030 985 2090 educente
1008 2031 1187 2101 exercitum,

139 2111 288 2171 Sertorius
311 2129 468 2191 quoquee
498 2112 623 2173 collibus
646 2130 715 2173 suos
736 2115 895 2173 instructos
918 2114 1046 2173 ostendit
1071 2114 1188 2174 effecit-

140 2211 216 2273 que,
243 2214 279 2255 ne
301 2196 441 2275 Pompeio
471 2197 574 2273 egredi
598 2197 766 2275 expediret;
798 2206 829 2257 et
857 2199 895 2257 ita
926 2207 1046 2275 praeter
1075 2197 1188 2275 duplex

139 2280 289 2357 damnum,
321 2281 423 2341 eadem
451 2281 583 2340 sollertia
606 2280 730 2355 illatum,
756 2290 955 2359 spectatorem
976 2298 1097 2361 qnoque
1122 2299 1189 2339 eum

140 2363 232 2423 cladis
256 2383 373 2440 snorum
401 2364 548 2443 continuit,
593 2363 657 2422 Hoc
677 2365 797 2441 primunr
818 2366 962 2442 proelium
983 2367 1060 2424 inter
1083 2366 1187 2425 Serto·

140 2447 212 2505 rium
240 2457 269 2505 et
290 2447 458 2522 Pompeium
486 2446 552 2503 luit:
584 2445 687 2505 decem
716 2448 793 2507 milia
818 2449 962 2508 bominum
991 2449 1030 2508 de
1052 2449 1190 2527 Pompeii

141 2532 273 2587 exercitu
295 2530 400 2588 amissa
426 2536 455 2585 et
477 2529 571 2587 omnia
593 2528 812 2606 impedimenta,
834 2531 931 2592 Livius
954 2542 1058 2593 auctor
1080 2542 1140 2591 est.

224 2606 274 2668 32.
318 2610 474 2688 Pompeius
502 2612 530 2670 in
554 2611 708 2690 Hispania,
732 2616 881 2693 dispositis
904 2626 971 2677 ante
1000 2617 1116 2694 quiex
1139 2633 1189 2675 oc-

141 2693 218 2753 culto
241 2694 485 2770 adgrederentur,
505 2696 638 2756 simulato
657 2707 735 2757 metu
753 2698 873 2759 deduxit
893 2702 1048 2759 instantem
1069 2700 1190 2759 bostem

140 2778 169 2835 in
196 2776 263 2836 loca
291 2779 419 2847 insessa;
447 2778 552 2839 deinde
577 2780 626 2841 ubi
653 2800 703 2841 res
731 2784 870 2860 poposcit
893 2801 1074 2859 conversus,
1106 2793 1139 2843 et
1161 2785 1190 2842 in

140 2859 235 2921 lroute
259 2870 288 2921 et
309 2864 440 2942 utrisque
463 2863 604 2925 lateribus
628 2866 665 2927 ad
687 2867 917 2927 internecionem
945 2866 1071 2942 cecidit,
1098 2876 1190 2945 capto

141 2947 226 3007 etiam
250 2946 325 3007 duce
348 2965 447 3007 eorum
466 2947 624 3027 Perperna.

225 3030 276 3093 33.
319 3031 399 3091 ldem
420 3032 561 3091 adversus
579 3031 774 3091 Mithridatem
789 3032 818 3090 in
835 3031 988 3109 Armenia,
1012 3050 1139 3091 numero
1160 3041 1191 3091 et

140 3134 251 3192 genere
278 3118 405 3193 equitum
428 3115 666 3192 praevalentem,
695 3117 751 3175 tria
771 3115 849 3175 milia
871 3116 948 3175 levis
966 3126 1137 3176 armaturae
1160 3126 1191 3175 et

142 3201 317 3275 quingentos
345 3200 460 3277 equites
488 3208 575 3258 nocte
603 3198 736 3259 lavalle
762 3199 816 3259 sub
838 3200 988 3277 virgultis,
1014 3218 1092 3278 quae
1113 3200 1193 3259 inter

143 3279 209 3337 bina
231 3291 325 3339 castra
346 3290 442 3357 erant,
465 3282 625 3359 disposuit:
647 3284 739 3359 prima
761 3284 867 3343 deinde
889 3283 955 3343 lnce
978 3285 1007 3343 in
1028 3284 1193 3344 stationem

143 3359 266 3419 bostium
290 3365 382 3421 emisit
405 3365 518 3441 equites
545 3366 582 3424 ita
606 3365 763 3441 formatos,
787 3375 835 3441 ut,
856 3386 921 3426 cum
941 3369 1098 3426 universus
1124 3386 1192 3427 cum

143 3444 275 3500 exercitu
302 3442 424 3503 hostiurn
453 3449 596 3524 equitatus
619 3449 763 3526 proelium
783 3450 901 3526 inisset,
930 3452 1192 3511 servatisordiui·
