2475 3909
136 221 178 286 80
469 227 546 277 SEX·
562 227 652 278 mun
675 226 845 278 FBON’HNI

134 391 164 450 in
181 375 339 449 fesciculos
354 391 451 462 aptata
466 382 557 444 iarcis
572 382 729 461 imposuit„
751 381 805 444 sab
821 381 926 461 quibus
942 393 971 444 et
989 382 1090 445 habile
1106 402 1181 446 ouns

135 470 280 534 etfacilis
301 468 419 547 requies
441 474 536 536 esset;
558 469 634 529 uude
657 476 688 527 et
709 467 739 526 in
759 466 947 546 proverbium
968 477 1093 530 tractum
1117 481 1179 530 est:

133 555 205 618 diuli
222 553 353 615 Mariani.

221 638 251 700 8.
296 636 472 712 Theogenes
498 631 707 706 Atheniensis,
736 649 801 692 cum
835 635 997 695 exercitum
1027 635 1181 714 Megaram

134 727 272 798 duceret,
292 718 458 800 petentibus
470 715 588 776 ordines
600 715 769 794 respondit,
787 716 827 776 ibi
839 735 873 777 se
886 719 1026 783 daturum.
1061 719 1180 782 Deinde

135 809 211 871 clam
232 806 348 884 equites
363 801 513 881 praemisit
530 817 644 878 eosque
666 800 791 859 hostium
810 803 912 880 speeie
930 805 1067 882 impetum
1083 806 1114 863 in
1130 823 1178 865 so-

134 895 198 954 cios
218 899 392 966 retorquere
414 885 510 944 iussit:
534 901 592 962 quo
613 884 694 944 iacto
709 901 774 944 cum
789 902 864 963 quos
885 885 1012 947 habebat
1030 897 1180 967 tamquam

134 976 172 1037 ad
200 974 327 1034 hostium
353 971 499 1030 incursum
526 976 788 1046 praepararentur,
818 971 950 1047 permisit
978 973 1017 1032 ita
1049 973 1180 1034 ordinari

133 1060 242 1132 aciem,
270 1063 302 1115 ut
326 1071 385 1134 qno
408 1053 473 1132 quis
493 1050 638 1111 voluisset
660 1052 728 1112 loeo
750 1053 941 1121 consisteret:
964 1065 993 1114 et
1015 1075 1082 1115 curn
1101 1056 1179 1116 inen-

132 1143 261 1204 tissimus
283 1141 408 1218 quisque
428 1143 509 1196 retro
529 1154 564 1194 se
587 1135 737 1210 dedisset,
759 1137 869 1196 streuui
885 1145 980 1198 autern
1000 1140 1029 1198 in
1051 1139 1179 1201 irontem

132 1225 354 1308 prosiluissent,
381 1231 413 1282 ut
434 1237 579 1300 quemque
602 1221 755 1280 invenerat
776 1227 914 1296 stantem,
936 1223 976 1282 ita
997 1223 1034 1284 ad
1057 1225 1178 1284 ordines

131 1311 250 1373 miiitiae
267 1306 413 1387 prouexit.
673 1315 676 1322 '

217 1393 248 1454 9.
280 1390 431 1468 Lysander
447 1388 694 1449 Lacedaemonius
717 1407 870 1467 egressum
890 1390 937 1451 via
955 1393 1111 1472 quemdam
1130 1411 1176 1454 ea·

133 1476 276 1555 stigabat:
305 1477 351 1535 cui
377 1475 502 1549 dicenti,
530 1473 565 1532 ad
593 1472 699 1532 nuliius
724 1475 779 1533 rei·
795 1475 923 1552 rapinam
946 1493 980 1535 se
1001 1476 1037 1537 ab
1059 1480 1176 1554 agmine

130 1562 320 1708 ἱοοιιιὶιῗο,
350 1557 524 1638 respoudit:
557 1554 603 1616 Ne
631 1558 764 1635 speciem
799 1559 915 1638 quidem
944 1562 1055 1641 rapturi
1090 1581 1175 1642 prae·

152 1662 204 1708 eas
223 1661 262 1704 vo
276 1661 305 1703 o.

218 1729 267 1788 10.
312 1725 493 1802 Antigonus,
516 1741 581 1783 curn
602 1723 691 1784 iiiium
707 1743 787 1786 suum
809 1727 973 1789 devertisse
994 1727 1128 1789 audisset
1148 1732 1174 1788 iu

132 1815 195 1875 eius
222 1811 352 1885 domurn,
382 1809 428 1868 cui
449 1817 509 1867 tres
534 1807 611 1866 iuliae
638 1809 769 1886 insignes
792 1812 895 1890 specie
924 1821 1042 1888 essent,
1066 1813 1172 1890 Audio,

131 1897 238 1976 inquit,
257 1894 315 1970 titt,
335 1900 460 1968 anguste
475 1889 606 1950 habitare
622 1899 668 1969 te,
690 1892 820 1971 pluribus
836 1895 956 1956 dominis
973 1897 1092 1957 domum
1108 1916 1172 1976 pos·

131 1978 308 2045 sidentibns;
341 1975 498 2054 hospitium
525 1974 620 2034 laxius
651 1978 776 2056 accipe:
809 1978 948 2058 iussoque
980 1983 1172 2060 commigrare

132 2063 240 2137 edixit,
257 2079 295 2121 ne
318 2061 382 2142 quis
406 2059 500 2120 minor
521 2059 727 2138 quinquaginta
745 2078 837 2122 annos
858 2073 941 2124 natus
962 2064 1097 2144 hospitio
1119 2085 1171 2126 ma·

129 2145 307 2208 trisiamiiias
323 2153 463 2204 uteretur.

218 2232 268 2292 11.
306 2228 344 2304 Q.
365 2228 503 2289 Meteilus
527 2227 648 2303 consul,
669 2230 800 2308 quamvis
824 2231 902 2292 nulla
930 2232 999 2309 iege
1017 2225 1168 2311 impedire·

130 2329 193 2393 tur,
221 2318 290 2395 qnia
317 2314 405 2375 tiliam
432 2311 671 2373 contubernalem
697 2323 870 2392 perpetuum
900 2316 1044 2392 haberet,
1074 2317 1170 2378 maluit

129 2413 226 2463 tamen
248 2418 313 2459 enm
334 2399 365 2456 in
385 2398 488 2457 ordine
509 2413 635 2456 merere.

217 2483 266 2542 12.
306 2481 337 2541 Ρ.
360 2479 485 2539 Rutilius
507 2479 627 2556 oonsni,
650 2497 713 2538 cum
733 2481 894 2543 secundnm
915 2483 999 2562 leges
1019 2485 1048 2544 in
1072 2495 1169 2546 eontu-

131 2567 235 2628 beruio
258 2582 312 2625 suo
331 2564 421 2623 filium
437 2562 548 2623 habere
567 2571 687 2641 posset,
703 2563 732 2622 iu
753 2564 873 2643 legione
894 2568 1012 2630 militem
1028 2569 1113 2630 iecit,

217 2647 266 2708 13.
308 2646 347 2707 tt.
370 2648 496 2706 Scaurus
526 2646 632 2722 fitium,
663 2647 742 2725 quod
769 2651 797 2708 in
820 2650 894 2710 saltu
913 2651 1084 2712 Tridentino
1105 2654 1171 2713 loco

130 2732 265 2795 hostibus
287 2739 436 2805 cesserat,
463 2731 703 2809 inconspectum
725 2749 806 2793 sunm
827 2736 930 2796 venire
953 2737 1046 2796 iussit.
1088 2737 1173 2798 Ado-

131 2817 250 2879 lescens
269 2814 448 2875 verecundia
468 2815 644 2893 ignominiae
663 2831 783 2892 pressus
797 2828 920 2878 mortem
938 2819 995 2879 sibi
1018 2823 1173 2890 conscivit.

218 2902 266 2963 14.
308 2898 411 2961 Castra
434 2900 591 2978 antiquitas
618 2897 742 2960 Romani
773 2909 951 2982 ceteraeque
973 2913 1082 2981 gentes
1106 2923 1174 2984 pas-

130 2989 185 3048 sim
209 3004 265 3065 per
288 3001 415 3064 corpora
445 2983 607 3044 cohortium
630 2981 711 3042 velat
739 2985 864 3062 mapalia
889 2989 1070 3048 constituere
1093 2989 1175 3049 soliti

131 3079 231 3147 eraut,
253 3087 317 3131 cum
342 3067 425 3128 auios
445 3066 559 3127 urbiam
579 3081 679 3125 muros
700 3077 803 3127 nosset
824 3071 986 3149 antiquitas.
1031 3070 1175 3147 Pyrrhus,

130 3154 321 3232 Epirotarum
344 3168 416 3225 rex,
442 3152 552 3229 primus
579 3158 671 3208 totum
702 3154 862 3213 exercitum
887 3155 941 3214 sub
962 3153 1069 3214 eodem
1090 3157 1174 3217 vallo

131 3238 282 3295 continere
303 3236 433 3295 instituit,
478 3232 599 3294 Romani
622 3233 744 3310 deinde,
761 3237 840 3298 victo
864 3254 901 3297 eo
916 3229 946 3298 iu
962 3239 1074 3316 campis
1094 3239 1174 3300 Aru-

130 3317 201 3373 sinis
223 3319 302 3374 oiroa
324 3317 423 3376 urbem
443 3315 658 3391 Maleventum,
682 3319 785 3378 castris
809 3322 871 3380 eius
897 3323 981 3399 potiti
1003 3330 1032 3381 et
1054 3323 1174 3384 ordina·

131 3394 210 3450 tione
229 3404 344 3468 notata,
364 3398 512 3472 pauliatirn
526 3399 563 3460 ad
577 3398 653 3461 hanc
670 3417 763 3478 usque
779 3405 982 3481 metationem,
1002 3422 1077 3482 quae
1096 3425 1175 3468 nuuc

131 3472 238 3531 euecta
260 3484 315 3548 est,
336 3489 542 3552 pervenerunt.
1223 3483 1226 3496 ⁴
