2475 3909
91 242 153 291 v111
511 239 711 291 PRAEFATIO

91 398 210 455 Omnino
225 401 298 455 totus
313 399 393 455 locus
409 412 495 454 senus
509 404 552 455 est
567 404 594 455 el
607 414 624 453 e
640 398 721 455 Livio
728 402 868 472 sumpius,
885 398 933 475 qui
944 396 1031 455 XXX.
1044 402 1080 457 35
1096 412 1140 453 re·

91 484 158 537 ferte
183 481 291 546 Deinde
318 481 474 537 auxiliares
497 489 562 539 aute
582 482 678 541 Cartb.
698 484 802 549 mem,
830 496 866 537 ue
891 482 1070 539 —liberum
1091 496 1138 538 re·

89 572 199 637 ceptum
214 562 303 638 sapae
322 564 470 628 babaenu
499 566 581 622 amul
604 568 730 638 primum
749 565 881 621 ardorem
905 571 989 638 atque
1010 568 1140 639 impetum

91 648 206 705 boatum
228 651 398 721 excipientes
417 644 585 721 salabarcass
607 664 651 718 ac,
669 652 696 705 si
713 649 783 705 nabit
798 649 882 716 abad.
905 650 1061 707 babenbere
1081 651 1140 705 suu

88 731 201 804 serrum
232 732 328 789 bonde
352 732 518 789 hebetarent.
558 734 725 804 Interpretes
750 733 806 789 hoc
831 734 1037 806 neglexerunt..
1066 732 1141 801 Quia

90 816 241 871 Frontinus
261 821 316 870 tam
333 814 484 887 diligenter
499 822 612 873 secutus
626 823 670 872 est
684 816 808 885 Livium,
828 832 864 872 ex
877 832 912 871 eo
927 819 1011 875 etiam
1025 817 1098 871 inira
1111 822 1140 870 et

90 898 191 955 deutra
209 904 237 954 et
250 900 361 953 anaba
372 905 532 969 permutare
544 915 601 955 non
617 899 753 955 dubitavi.
780 900 885 955 locum
900 915 917 953 a
932 902 1027 957 verbis
1043 906 1076 956 ut
1086 897 1139 970 fu·

89 995 261 1053 cereusque
279 980 317 1036 ad
333 980 636 1055 fatiparenlexcidere
661 998 718 1038 non
737 998 840 1054 posse,
861 999 897 1038 ex
919 984 991 1053 ipsis
1013 982 1141 1039 Fronlini

92 1065 186 1121 verbis
203 1063 308 1137 (sessos
323 1063 479 1134 Romanas)
498 1068 565 1123 satis
580 1066 765 1137 conspicuum
780 1071 837 1133 est,
860 1082 945 1137 quum
959 1083 995 1123 ea
1009 1067 1048 1123 ad
1068 1065 1140 1123 illud

88 1147 214 1221 satipare
232 1148 331 1203 referri
358 1164 477 1206 neeesse
492 1150 536 1205 sit.
566 1140 580 1228 ΙΙ
609 1152 653 1209 11.
680 1151 710 1205 in
730 1151 829 1220 capit.)
849 1151 879 1204 iu
893 1149 997 1205 deesse
1017 1166 1074 1205 non
1087 1166 1140 1221 po·

89 1237 152 1289 test.
169 1222 182 1309 ΙΙ
199 1246 254 1302 per
269 1233 365 1303 leuen)
382 1239 411 1288 ut
428 1248 515 1304 supra
532 1237 580 1293 16=
596 1234 754 1289 ordinabam
768 1247 826 1304 per
838 1232 961 1289 maus
975 1239 1028 1289 etc.
1056 1225 1071 1311 ΙΙ
1096 1235 1139 1288 in·

89 1317 284 1388 ausurosque)
302 1315 368 1371 edd.
388 1317 510 1373 Italicae.
542 1316 621 1372 leid.
637 1333 682 1388 pr.
696 1330 887 1388 numerosque.
929 1316 971 1373 Gi.
991 1319 1140 1453 suprafill.

89 1398 121 1453 ln
142 1399 244 1454 celeris
267 1414 491 1471 numerosasaue.
521 1391 536 1478 Η
563 1401 775 1470 insinuarem)
797 1400 894 1453 Malim
917 1416 933 1453 e
956 1400 1039 1455 bonis
1059 1399 1078 1453 li
1099 1399 1140 1454 ris

89 1487 269 1538 structuram.
300 1474 314 1562 ΙΙ
341 1487 383 1542 10.
388 1482 635 1557 praefrinaercnt)
653 1482 789 1551 Quamvis
804 1481 983 1539 ridiculares
998 1482 1138 1549 videatur,

89 1570 184 1641 tamen
199 1566 396 1623 mandatione
409 1583 574 1623 succurrere
587 1582 644 1622 non
659 1566 761 1622 audeo.
776 1557 847 1645 1121.
864 1567 913 1637 qui
923 1570 952 1619 et
961 1566 1030 1636 alu.)
1051 1566 1139 1637 Vulg.

90 1649 171 1721 quod.
188 1640 202 1729 [Ι
215 1651 282 1718 sea)
296 1666 348 1721 pro
371 1649 429 1717 sed,
445 1665 482 1705 ex
497 1649 627 1705 Caesaris
645 1650 806 1705 narratione
821 1656 848 1703 et
861 1648 943 1705 bonis
958 1650 1036 1706 libris
1055 1665 1139 1721 repo·

91 1732 144 1788 su.
188 1736 233 1791 aa.
246 1732 432 1803 comanus)
447 1733 564 1789 restitut.
591 1733 632 1791 cf.
641 1733 663 1787 1.
679 1739 705 1801 ι,
717 1738 745 1791 a
762 1733 784 1787 1.
799 1737 825 1801 a,
840 1732 931 1791 1o.11.
946 1739 989 1801 u,
1004 1736 1028 1793 ι.
1043 1732 1093 1787 ιιι.
1108 1738 1138 1801 a,

90 1820 133 1874 14.
204 1818 258 1871 loci
274 1818 346 1884 eius)
361 1816 401 1871 Ita
414 1814 545 1872 Medicei.
580 1816 672 1874 Ceteri
685 1817 770 1873 bats.
784 1806 799 1894 ΙΙ
813 1815 1140 1884 illummatus)

90 1900 214 1970 reposui,
228 1914 280 1970 pro
297 1912 343 1955 eos
358 1899 541 1955 trucidabant.

175 1980 244 2053 Cap.
260 1982 306 2037 lV.
326 1989 351 2040 l.
368 1981 718 2051 Romanis-concitatis)
742 1982 828 2053 Vulg.
849 1987 875 2038 et
889 1980 1053 2053 nauus.
1074 1997 1139 2037 con·

89 2067 166 2121 citati
174 2071 275 2122 suntet
291 2064 386 2122 Sumu.
408 2057 422 2145 [Ι
443 2071 470 2125 4.
484 2066 605 2137 Achaia)
623 2067 710 2139 Vulg.
727 2065 873 2121 Achaiam.
903 2059 917 2141 H
943 2067 991 2135 iis)
1006 2073 1070 2121 ante
1087 2067 1138 2121 ab·

90 2154 158 2205 erat.
173 2141 186 2229 ΙΙ
201 2155 228 2209 6.
245 2148 360 2205 boatum
377 2153 460 2222 misit)
479 2151 525 2207 An
542 2149 726 2207 inserendum
746 2152 776 2205 in
797 2152 920 2204 montes?
943 2146 984 2205 Cl.
1002 2148 1139 2221 Polyaen.

89 2232 216 2301 vlitis,
232 2239 258 2293 2.
280 2233 352 2289 Nam
368 2234 440 2291 inira
455 2236 660 2293 descenderent.
676 2227 690 2312 Η
702 2238 729 2294 l.
745 2233 937 2299 Calamatium)
953 2231 1137 2289 Vithluver.

90 2317 167 2388 apud
191 2316 262 2374 Oud.
284 2317 365 2373 Mons
393 2319 431 2375 ad
451 2324 535 2389 eaput
555 2318 639 2375 Silari
661 2316 795 2373 fluminis.
828 2313 909 2373 Oros.
929 2316 1025 2374 1114.
1051 2315 1139 2387 Apud

89 2401 232 2457 Plutarch.
248 2400 342 2456 Crass.
360 2409 394 2462 ll
417 2406 653 2458 commemoratur
667 2389 759 2471 λόφος
772 2414 825 2467 τις.
858 2399 925 2454 Post
940 2397 1016 2455 Casti
1026 2404 1055 2476 el
1065 2400 1139 2456 Gan-

91 2484 146 2540 nici
166 2484 306 2539 interitum
334 2481 487 2555 Spartacus
510 2485 539 2539 in
565 2491 675 2541 montes
690 2483 832 2540 Petelinos
857 2499 888 2538 se
906 2483 1021 2554 recepit.
1051 2484 1138 2556 Vulg.

91 2566 295 2623 Galamarcum.
319 2558 333 2645 Η
356 2573 401 2625 10.
418 2570 542 2625 ciamare
560 2570 661 2640 caepit)
677 2568 739 2624 libri
751 2566 830 2622 haud
844 2567 939 2638 pauci.
979 2567 1065 2637 Vulg.
1082 2572 1140 2623 tum

89 2652 173 2707 latim
195 2651 273 2705 clare
291 2652 479 2722 praedicauit.-
500 2652 529 2707 iu
550 2666 606 2723 quo
628 2658 686 2707 tum
707 2648 881 2721 superfluum
897 2654 941 2705 est
953 2655 981 2705 et
995 2651 1073 2706 clare
1088 2650 1139 2705 de·

89 2733 167 2791 leudi
182 2749 218 2787 ex
233 2748 297 2804 cap.
310 2740 337 2804 ’1,
353 2741 368 2793 l
388 2751 445 2789 non
459 2739 559 2807 polest.
576 2726 590 2812 Η
605 2741 649 2793 12.
668 2734 758 2807 Cyrus
769 2733 832 2789 ada.
846 2733 989 2804 Croesum)
1008 2733 1073 2789 Non
1086 2733 1140 2791 du·

89 2818 176 2875 bitavi
201 2816 241 2872 ila
265 2818 359 2873 locum
384 2834 497 2875 sanare.
529 2819 616 2889 Vulg.
638 2818 765 2876 Oranus.
793 2809 807 2894 ΙΙ
835 2817 933 2886 odore)
950 2833 987 2871 ex
1001 2817 1138 2873 Herodot.

90 2903 110 2961 l.
126 2907 163 2961 80
176 2906 204 2955 et
219 2899 352 2973 Polyaen.
366 2902 426 2957 Vll.
442 2906 468 2969 li,
484 2905 510 2961 6.
524 2902 617 2958 Antea
633 2900 761 2958 horrore.
777 2893 791 2981 ΙΙ
807 2905 851 2958 15.
866 2918 885 2957 a
905 2902 1029 2972 cuculas
1049 2902 1139 2957 aiau·

89 2990 155 3060 que)
180 2984 255 3041 Libri
270 2986 317 3041 elii
333 2987 455 3057 cirquites
475 2986 607 3057 silvaque,
632 2986 680 3041 alii
694 2986 764 3057 aira.
784 2986 936 3056 aleasque,
954 2984 1002 3038 alii
1017 2986 1140 3056 circuita

88 3071 182 3127 εἰὶυαι.
217 3067 304 3141 Vulg.
319 3070 439 3143 uiryultu
459 3069 604 3140 siluasque.
645 3068 703 3126 Sed
719 3068 767 3125 rt.
782 3072 808 3137 1,
821 3071 870 3127 40:
879 3080 973 3139 prope
985 3083 1004 3122 a
1014 3069 1140 3139 circulus

88 3154 219 3223 silvaque.
245 3144 259 3227 ΙΙ
285 3157 327 3212 18.
346 3151 430 3224 faces
447 3158 473 3209 et
488 3168 517 3207 a.
537 3151 649 3225 praef„
665 3150 770 3223 furiali
790 3151 912 3219 incana)
933 3149 1137 3219 Liv.Vll,17:

87 3234 199 3307 facibus
224 3235 384 3292 ardentibus
407 3234 597 3310 capuanque
618 3236 758 3307 praelatas
777 3237 889 3291 incessu
907 3233 1009 3305 furiali
1028 3235 1139 3290 nilum

91 3317 143 3373 Ro.
161 3316 348 3377 turbauerunt.
391 3319 477 3396 Vulg.
495 3317 578 3390 faces
599 3325 626 3375 et
645 3333 751 3390 unques
766 3318 871 3391 furiali
899 3316 993 3373 naua
1016 3317 1138 3390 praese-

90 3400 219 3455 reutibus.
256 3399 322 3455 Vox
334 3400 427 3458 babitu
441 3403 554 3474 irrepsit
572 3418 608 3457 ex
622 3402 756 3473 praeced.
774 3404 804 3457 in
817 3402 947 3459 nubitum.
963 3393 1036 3480 [110.
1054 3416 1138 3476 prae·

89 3482 177 3555 scra)
209 3483 301 3539 Antea
310 3483 474 3557 praeferre.
503 3487 550 3545 Αιι
566 3501 615 3545 eas
620 3484 796 3559 praeferre?
