2475 3909
264 198 608 248 suanneosuauroou
629 200 933 254 marachem
1080 194 1121 255 35

72 357 146 415 suit:
173 371 230 413 nec
256 354 407 413 continuas
431 356 593 414 construxit
618 354 776 431 cohortes,
799 357 854 417 sed
875 358 1027 437 manipulis
1047 360 1123 420 inter

72 459 105 499 se
130 436 305 499 distantibus
327 438 451 514 spatium
469 437 563 513 dedit,
588 458 643 516 per
665 438 744 517 quod
765 439 914 517 elephanti
934 442 970 502 ab
989 442 1121 503 hostibus

71 524 130 583 acti
153 522 244 581 iacilo
267 522 418 581 transmitti
437 522 499 581 sine
520 523 741 601 perturbatione
758 524 890 583 ordinum
906 524 1037 604 possent
1079 526 1123 589 Ea

71 611 137 685 ipsa
166 605 320 665 intervalla
351 604 497 683 expeditis
524 606 664 667 uelitibus
690 606 839 685 impleuit,
867 628 904 667 ne
932 610 1124 671 interluceret

71 692 172 765 acies,
200 690 268 749 dato
291 691 327 748 iis
347 697 525 768 praecepto,
555 699 584 749 ut
606 690 644 751 ad
668 692 807 771 impetum
828 691 1051 771 elephantorum
1072 694 1122 755 rel

71 785 154 834 retro
174 773 224 833 vel
247 774 275 831 in
298 773 390 832 latera
413 774 623 835 concederent.
668 773 832 854 Equitatum
848 777 953 839 deinde
969 779 998 837 in
1013 795 1123 838 cornua

72 860 171 919 divisit
197 866 227 916 et
249 858 366 916 sinistro
390 855 528 917 Romanis
557 858 703 937 equitibus
724 859 870 936 Laelium,
896 861 1002 922 dextro
1023 861 1121 923 Numi·

71 944 116 1003 dis
136 940 319 1001 Masinissam
341 943 522 1019 praeposuit.
567 941 651 1016 Quae
673 951 730 1003 tum
751 945 879 1023 prudens
898 946 1040 1006 ordinatio
1063 964 1122 1007 non

72 1026 161 1087 dubie
186 1042 275 1085 causa
294 1025 435 1085 uictoriae
456 1025 519 1085 luit.

161 1112 212 1170 1..7
256 1106 421 1168 Archelaus
445 1109 587 1169 aduersus
609 1107 641 1169 L.
659 1109 768 1171 Sullam
787 1113 817 1171 in
836 1112 933 1173 fronte
955 1113 991 1173 ad
1007 1122 1119 1191 pertur-

70 1193 199 1253 bandum
226 1192 340 1253 hostem
362 1192 485 1253 falcatas
507 1194 671 1291 quadrigas
697 1194 822 1270 locavit,
850 1198 878 1255 in
903 1198 1033 1257 secunda
1056 1198 1120 1257 acle

69 1278 250 1355 phalangem
265 1274 501 1353 Macedonicam
522 1279 552 1352 iq
572 1279 659 1337 tertia
674 1277 869 1339 Romanorum
891 1298 972 1340 more
994 1292 1121 1342 armatos

69 1362 251 1459 auxiliares,
278 1362 375 1421 mixtis
402 1362 532 1437 fugitivis
548 1351 672 1421 ltalicae
699 1364 814 1437 gentis,
844 1380 964 1440 quorum
986 1365 1120 1441 pervica-

70 1447 142 1505 ciae
172 1444 320 1522 plurimum
350 1445 473 1513 fidebam
502 1444 600 1505 levem
625 1453 797 1505 armaturam
826 1447 854 1503 in
881 1447 982 1505 ultimo
1004 1448 1118 1506 statuit:

69 1532 100 1588 in
121 1538 246 1606 utroque
269 1529 335 1588 dein
351 1529 443 1589 latere
461 1532 636 1607 equitatum,
660 1529 742 1589 cuius
761 1529 888 1604 amplum
905 1547 1055 1589 numerum
1071 1529 1119 1589 ha-

69 1613 180 1689 hebat,
210 1614 377 1674 circueundi
403 1612 496 1673 hostis
524 1630 612 1673 causa
641 1614 748 1691 posuit.
799 1610 908 1673 Contra
935 1614 1010 1673 haec
1039 1613 1120 1673 Sulla

69 1697 171 1758 iussas
194 1697 309 1775 amplae
331 1695 487 1757 latitudinis
508 1698 537 1757 in
559 1706 685 1775 utroque
705 1697 798 1757 latere
820 1697 901 1758 duxit
923 1706 954 1757 et
976 1698 1003 1756 in
1019 1697 1120 1774 capiti·

70 1781 125 1841 bus
157 1798 256 1841 earum
287 1781 409 1841 castella
440 1782 620 1850 communiit;
652 1800 708 1860 qua
729 1782 860 1857 ratione,
890 1801 926 1841 ne
949 1782 1121 1841 circuiretur

71 1864 108 1925 ab
132 1866 236 1941 hoste,
264 1873 296 1924 et
315 1865 443 1943 peditum
463 1882 583 1925 numero
603 1874 632 1925 et
649 1866 774 1925 maxime
799 1868 928 1944 equitatu
950 1874 1120 1944 superante,

72 1958 251 2009 consecutus
281 1956 336 2007 est.
381 1948 540 2027 Triplicem
565 1950 671 2010 deinde
697 1950 827 2028 peditum
857 1953 950 2011 aciem
977 1950 1121 2011 ordinauit

71 2033 186 2092 relictis
207 2032 368 2092 interuallis
389 2051 443 2112 per
465 2033 562 2093 levem
576 2043 748 2094 armaturam
767 2043 798 2094 et
818 2037 963 2113 equitem,
988 2052 1074 2113 quem
1090 2034 1119 2093 ln

71 2118 233 2176 novissimo
262 2116 487 2193 conlocauerat,
516 2126 564 2193 ut,
595 2135 661 2177 cum
690 2135 738 2177 res
759 2119 931 2194 exegisset,
961 2121 1118 2178 emitteret.

71 2200 145 2259 Tum
161 2200 359 2279 postsignanis
376 2202 469 2278 quiin
488 2201 618 2261 secunda
635 2202 699 2261 acie
712 2208 794 2259 erant
813 2203 978 2277 imperavit,
1001 2210 1032 2260 ut
1049 2202 1118 2259 den·

71 2302 122 2345 sos
146 2286 373 2363 innumerosque
395 2286 479 2362 palos
502 2286 583 2345 hrme
602 2286 631 2345 in
653 2293 761 2343 terram
779 2284 960 2359 defigerent,
985 2286 1119 2359 intraque

71 2386 144 2444 eos,
167 2368 467 2448 adpropinquantibus
492 2369 657 2447 quadrigis,
685 2368 939 2445 antesignanorum
960 2369 1054 2427 aciem
1072 2384 1118 2425 re-

70 2454 167 2530 cepit:
189 2461 248 2511 tum
270 2452 401 2528 demum,
427 2452 542 2513 sublato
565 2454 766 2513 universorum
789 2452 939 2526 clamore,
960 2451 1067 2511 uelites
1089 2458 1120 2509 et

70 2536 170 2595 levem
193 2544 363 2596 armaturam
385 2538 523 2613 ingerere
545 2537 604 2597 tela
631 2538 723 2598 iussit.
767 2535 878 2611 Quibus
900 2535 986 2595 iactis
1003 2534 1118 2614 quadri·

70 2639 128 2696 gae
151 2619 295 2696 hostium,
319 2628 367 2681 aut
381 2620 539 2699 implicitae
557 2621 633 2699 palis
648 2630 697 2681 aut
714 2623 873 2681 exterritae
892 2621 1021 2681 clamore
1038 2619 1118 2679 telis·

71 2722 146 2781 que,
173 2705 202 2763 in
226 2720 295 2763 suos
318 2721 480 2765 conversae
507 2712 573 2763 sunt
594 2704 841 2783 turbaveruutque
862 2703 1054 2765 Macedonum
1077 2706 1118 2763 iu·

71 2794 261 2847 structuram:
286 2805 342 2865 qua
358 2789 498 2865 cedente,
523 2806 587 2848 cum
602 2789 684 2847 Sulla
701 2797 793 2848 staret
808 2797 838 2847 et
856 2788 1021 2848 Archelaus
1037 2790 1118 2865 equi-

70 2880 129 2929 tem
149 2869 356 2949 obposuisset,
379 2834 501 2932 Romani
517 2872 633 2950 equites
648 2869 745 2930 subito
762 2872 861 2930 emissi
876 2879 1047 2931 averterunt
1065 2888 1118 2930 eos

71 2963 365 3033 consummaruntque
387 2957 549 3017 victoriam.

158 3038 208 3100 18.
252 3037 287 3098 0.
301 3037 412 3101 Caesar
427 3038 575 3101 Gallorum
586 3037 711 3099 falcatas
723 3036 879 3116 quadrigas
891 3035 993 3095 eadem
1005 3034 1120 3093 ratione

70 3122 145 3200 palis
163 3122 269 3183 delix'is
289 3126 408 3202 excepit
427 3124 618 3202 inhibuitque.

158 3206 207 3266 19.
251 3206 421 3269 Alexander
451 3209 487 3269 ad
515 3207 644 3282 Arbela,
669 3222 734 3265 cnm
756 3204 881 3264 hostium
909 3201 1119 3263 multitudinem

68 3299 242 3367 vereretur,
265 3292 363 3352 virtuti
382 3301 477 3352 autem
496 3310 614 3353 suorum
630 3290 749 3366 fideret,
769 3290 861 3349 aciem
877 3289 905 3348 in
923 3304 1037 3348 omnem
1053 3304 1119 3364 pur-

68 3384 126 3435 tem
158 3384 341 3454 spectantem
370 3375 530 3454 ordinavit,
557 3384 587 3436 ut
617 3375 807 3435 circumventi
835 3374 961 3453 undique
988 3390 1119 3452 pugnare

68 3467 204 3538 possent.

868 3555 911 3617 3*
