2475 3909
129 204 149 263 2
464 215 540 265 sax.
563 216 653 265 suun
674 216 845 265 raoucmr

129 368 254 429 nondum
276 370 451 438 commisso;
479 371 508 429 in
537 372 685 447 secundo,
713 390 789 450 quae
811 370 848 430 ad
876 370 1020 449 proelium
1051 378 1082 428 et
1104 386 1176 429 con·

128 454 235 513 iectam
251 454 436 530 pacationem
453 456 633 532 pertineant;
651 458 754 516 tertius
769 454 939 514 inferendae
951 454 1174 531 solvendaeque
1227 461 1228 530 j

130 537 293 597 obsidionis
314 536 434 597 habebit
460 546 683 617 strategemata:
715 538 819 619 quibus
849 539 989 617 deinceps
1013 537 1174 615 generibus
1227 589 1228 598 ,

129 639 198 682 suas
221 622 338 700 species
361 620 495 681 adtribui.
1227 611 1228 700 l

214 704 289 765 Huic
315 704 409 764 labori
436 722 495 763 non
519 706 626 765 iniuste
653 709 768 767 veniam
794 709 945 785 paciscar,
975 724 1012 765 ne
1040 723 1086 763 me
1115 721 1172 783 pro
1227 747 1228 774 ,

128 790 277 850 incurioso
298 788 509 866 reprehendat,
538 791 586 866 qui
613 793 803 867 praeteritum
832 791 949 870 aliquod
971 809 988 850 a
1016 789 1099 848 nobis
1123 806 1172 847 re·
1227 857 1228 862 η

128 872 238 951 pererit
268 872 444 951 exemplum.
489 871 561 945 Quis
584 872 659 931 enim
680 873 716 932 ad
737 876 939 951 percensenda
957 876 1052 934 omnia
1074 890 1174 932 monu·
1227 909 1228 926 t

127 965 239 1032 menta,
264 974 338 1033 quae
360 965 481 1034 utraque
501 956 599 1032 lingua
616 954 720 1015 tradita
743 966 823 1032 sont,
845 955 991 1017 sufficiat?
1029 957 1067 1016 Ut
1085 957 1176 1016 multa

129 1041 297 1117 transirem,
320 1040 388 1099 milri
414 1042 480 1119 ipse
508 1040 642 1119 permisi;
668 1041 747 1118 qnod
774 1060 820 1100 me
847 1059 906 1102 non
934 1044 997 1101 sine
1019 1055 1105 1100 causa
1129 1040 1176 1098 le·

131 1126 209 1183 cisse
226 1125 334 1198 scient,
355 1124 403 1202 qui
418 1124 538 1184 aliorum
556 1123 650 1183 libros
669 1124 771 1184 eadem
790 1127 1018 1203 promittentium
1033 1124 1175 1201 legerint.

129 1208 237 1266 Verum
258 1207 347 1267 facile
370 1210 439 1285 erit,
461 1208 517 1268 sub
536 1226 587 1267 sua
604 1227 740 1287 quaeque
763 1211 865 1287 specie
882 1209 1055 1285 subgerere.
1100 1206 1181 1265 Nam
1227 1215 1228 1220 ’

64 1366 65 1371 ¹
131 1309 194 1351 cum
227 1290 284 1350 hoc
313 1308 404 1369 opus,
438 1294 514 1351 sicut
539 1300 657 1367 cetera,
689 1312 758 1351 usus
789 1294 886 1372 potius
912 1292 1050 1364 aliorum,
1088 1308 1179 1367 quarn
1227 1353 1228 1374 χ

129 1393 213 1435 meae
238 1376 495 1435 commendationis
516 1392 603 1435 causa
625 1376 785 1452 adgressus
813 1378 885 1451 sim,
914 1375 1043 1434 adiuvari
1065 1391 1111 1431 me
1137 1372 1178 1432 ab
1227 1397 1228 1432 t

131 1460 193 1535 his,
215 1460 263 1537 qui
284 1460 391 1537 aliquid
414 1460 456 1519 illi
478 1460 644 1535 adstruent,
663 1477 722 1519 non
743 1462 826 1537 argui
845 1458 971 1519 credam.
1227 1457 1228 1502 t

217 1544 247 1602 Si
271 1545 318 1621 qui
342 1552 439 1619 erunt,
463 1542 567 1621 quibus
589 1544 734 1603 volumina
752 1544 827 1604 liaeo
843 1544 925 1602 cordi
945 1543 1017 1614 sint,
1036 1542 1175 1600 memine-
1227 1591 1228 1616 ,

130 1628 204 1701 rint,
228 1629 484 1703 strategematicon
508 1636 538 1686 et
563 1636 791 1703 stratagematon
815 1642 956 1705 perquam
983 1624 1104 1684 similem
1124 1643 1176 1683 na·
1227 1627 1228 1660 ³

131 1721 224 1770 turam
246 1710 427 1770 discernere.
471 1710 543 1769 Nam
572 1728 637 1768 cum
661 1711 773 1787 omnia,
803 1728 878 1788 quae
900 1728 917 1769 a
939 1710 1016 1769 duce
1038 1708 1176 1786 provide,
1227 1731 1228 1734 ¹

130 1794 258 1868 utiliter,
277 1794 449 1872 magnifice,
472 1801 640 1853 constanter
660 1793 745 1869 liunt,
769 1794 1005 1871 strategematica
1022 1791 1176 1853 habebun·
1227 1827 1228 1848 2

131 1888 193 1951 tur,
222 1885 298 1951 tum,
329 1878 353 1935 si
382 1878 411 1935 in
437 1877 540 1955 specie
569 1894 671 1937 eorum
692 1888 775 1954 sunt,
803 1885 1021 1954 strategemata.
1065 1875 1177 1934 Horum
1227 1923 1228 1960 ζ

130 1960 251 2039 proprie
280 1960 376 2019 visin
400 1970 463 2021 arte
489 1960 682 2038 sollertiaque
707 1964 803 2039 posita
830 1963 947 2042 proiicit
969 1970 1027 2020 mm
1047 1960 1097 2019 ubi
1125 1977 1175 2019 ca·
1227 1987 1228 2040 i

130 2043 242 2103 vendas
268 2062 352 2122 quam
379 2045 429 2105 ubi
460 2044 671 2123 opprimendus
700 2044 794 2107 lrostis
820 2049 867 2106 sit.
913 2045 1025 2119 Quain
1052 2062 1177 2103 recum
1227 2051 1228 2096 t

87 2203 89 2207 Ι
130 2127 288 2187 verborum
315 2146 433 2207 quoque
461 2130 581 2189 illustris
605 2130 751 2189 exstiterit
785 2132 926 2206 effectus,
955 2137 985 2188 ut
1017 2128 1176 2202 factorum,

131 2213 169 2273 ita
192 2211 335 2273 dictorum
358 2214 494 2293 exempla
516 2214 676 2293 posuimus.
710 2274 714 2281 ,
754 2239 757 2245 ·
1227 2239 1228 2242 “

335 2682 337 2687 ψ
435 2549 524 2647 sur.
547 2550 653 2646 ruuu
672 2550 874 2648 unouuur

244 2733 710 2811 STRATEGEMATIGON
729 2737 868 2811 LIBER
889 2737 1071 2814 PRIMUS.

570 2934 721 2944 a—-m—-n-

217 3041 319 3101 Series
341 3058 460 3117 eorum,
485 3059 559 3119 quae
582 3042 723 3105 instruant
744 3044 847 3103 ducem
875 3044 905 3103 io
925 3042 989 3118 his,
1013 3060 1089 3120 quae
1109 3052 1176 3103 aute

133 3124 276 3201 proelium
295 3126 427 3201 gerenda
448 3135 522 3185 sunt.

227 3204 249 3266 l.
272 3208 318 3267 De
341 3208 523 3269 occultandis
546 3210 688 3269 consiliis.

217 3289 253 3347 ll.
275 3291 320 3349 De
344 3293 531 3370 explorandis
549 3294 680 3353 consiliis
702 3295 834 3359 hostium.

202 3371 253 3431 Ill.
277 3372 322 3433 De
345 3378 551 3437 constituendo
573 3387 649 3438 statu
670 3377 750 3437 ltclli.

203 3454 252 3515 lV.
275 3455 320 3517 De
341 3460 555 3523 transducendo
578 3464 711 3524 exercitu
734 3481 788 3541 per
808 3462 877 3525 loca
895 3464 974 3529 lrosti
996 3463 1121 3525 insessa.
