<?xml version="1.0" encoding="UTF-8"?>
<!DOCTYPE html PUBLIC "-//W3C//DTD XHTML 1.0 Transitional//EN"
    "http://www.w3.org/TR/xhtml1/DTD/xhtml1-transitional.dtd">
<html xmlns="http://www.w3.org/1999/xhtml" xml:lang="en" lang="en">
 <head>
  <title>
</title>
<meta http-equiv="Content-Type" content="text/html;charset=utf-8" />
  <meta name='ocr-system' content='tesseract 3.04.00' />
  <meta name='ocr-capabilities' content='ocr_page ocr_carea ocr_par ocr_line ocrx_word'/>
</head>
<body>
  <div class='ocr_page' id='page_1' title='image "./sexiuliifrontin00dedegoog_0111.png"; bbox 0 0 2475 3909; ppageno 0'>
   <div class='ocr_carea' id='block_1_1' title="bbox 258 215 1114 282">
    <p class='ocr_par' dir='ltr' id='par_1_1' title="bbox 258 215 1114 282">
     <span class='ocr_line' id='line_1_1' title="bbox 258 215 1114 282; baseline 0.006 -5"><span class='ocrx_word' id='word_1_1' title='bbox 258 227 601 278; x_wconf 76' lang='lat' dir='ltr'><strong>scaurnonrraurcou</strong></span> <span class='ocrx_word' id='word_1_2' title='bbox 623 228 694 278; x_wconf 83' lang='lat' dir='ltr'><strong>mn.</strong></span> <span class='ocrx_word' id='word_1_3' title='bbox 716 229 763 276; x_wconf 86' lang='grc' dir='ltr'><strong>ιι.</strong></span> <span class='ocrx_word' id='word_1_4' title='bbox 787 228 864 278; x_wconf 78' lang='lat' dir='ltr'><strong>our.</strong></span> <span class='ocrx_word' id='word_1_5' title='bbox 887 231 920 278; x_wconf 88' lang='lat' dir='ltr'><strong>v.</strong></span> <span class='ocrx_word' id='word_1_6' title='bbox 1072 215 1114 282; x_wconf 79' lang='lat'><strong>89</strong></span> 
     </span>
    </p>
   </div>
   <div class='ocr_carea' id='block_1_2' title="bbox 24 378 1194 2969">
    <p class='ocr_par' dir='ltr' id='par_1_2' title="bbox 65 378 1115 1198">
     <span class='ocr_line' id='line_1_2' title="bbox 156 378 1115 461; baseline 0.005 -16"><span class='ocrx_word' id='word_1_7' title='bbox 156 385 207 445; x_wconf 89' lang='lat'><strong>10.</strong></span> <span class='ocrx_word' id='word_1_8' title='bbox 245 382 331 443; x_wconf 83' lang='lat' dir='ltr'><strong>-ldem</strong></span> <span class='ocrx_word' id='word_1_9' title='bbox 354 381 427 444; x_wconf 87' lang='lat' dir='ltr'><strong>lecit</strong></span> <span class='ocrx_word' id='word_1_10' title='bbox 450 380 506 442; x_wconf 90' lang='lat' dir='ltr'><strong>snb</strong></span> <span class='ocrx_word' id='word_1_11' title='bbox 533 379 625 443; x_wconf 78' lang='lat' dir='ltr'><strong>Atilio</strong></span> <span class='ocrx_word' id='word_1_12' title='bbox 653 378 786 444; x_wconf 85' lang='lat' dir='ltr'><strong>Calatino</strong></span> <span class='ocrx_word' id='word_1_13' title='bbox 813 384 936 446; x_wconf 86' lang='lat' dir='ltr'><strong>consulo</strong></span> <span class='ocrx_word' id='word_1_14' title='bbox 961 385 1004 461; x_wconf 88' lang='lat' dir='ltr'><strong>is,</strong></span> <span class='ocrx_word' id='word_1_15' title='bbox 1033 387 1115 450; x_wconf 90' lang='lat' dir='ltr'><strong>cuius</strong></span> 
     </span>
     <span class='ocr_line' id='line_1_3' title="bbox 67 463 1113 546; baseline 0.007 -19"><span class='ocrx_word' id='word_1_16' title='bbox 67 469 148 528; x_wconf 87' lang='lat' dir='ltr'><strong>varie</strong></span> <span class='ocrx_word' id='word_1_17' title='bbox 163 467 316 527; x_wconf 90' lang='lat' dir='ltr'><strong>traduntur</strong></span> <span class='ocrx_word' id='word_1_18' title='bbox 330 467 462 527; x_wconf 88' lang='lat' dir='ltr'><strong>nomina:</strong></span> <span class='ocrx_word' id='word_1_19' title='bbox 486 466 535 526; x_wconf 91' lang='lat' dir='ltr'><strong>alii</strong></span> <span class='ocrx_word' id='word_1_20' title='bbox 552 463 722 542; x_wconf 78' lang='lat' dir='ltr'><strong>Laberium,</strong></span> <span class='ocrx_word' id='word_1_21' title='bbox 739 467 868 528; x_wconf 90' lang='lat' dir='ltr'><strong>nonnulli</strong></span> <span class='ocrx_word' id='word_1_22' title='bbox 888 467 924 542; x_wconf 83' lang='lat'><strong>0.</strong></span> <span class='ocrx_word' id='word_1_23' title='bbox 942 467 1113 546; x_wconf 81' lang='lat' dir='ltr'><strong>Caeditium,</strong></span> 
     </span>
     <span class='ocr_line' id='line_1_4' title="bbox 68 547 1115 632; baseline 0.004 -20"><span class='ocrx_word' id='word_1_24' title='bbox 68 552 185 632; x_wconf 82' lang='lat' dir='ltr'><strong>plurimi</strong></span> <span class='ocrx_word' id='word_1_25' title='bbox 200 548 388 629; x_wconf 78' lang='lat' dir='ltr'><strong>Calpurnium</strong></span> <span class='ocrx_word' id='word_1_26' title='bbox 403 547 560 610; x_wconf 76' lang='lat' dir='ltr'><strong>Flammam</strong></span> <span class='ocrx_word' id='word_1_27' title='bbox 570 551 730 610; x_wconf 83' lang='lat' dir='ltr'><strong>vocitatum</strong></span> <span class='ocrx_word' id='word_1_28' title='bbox 745 553 934 630; x_wconf 86' lang='lat' dir='ltr'><strong>scripserunt.</strong></span> <span class='ocrx_word' id='word_1_29' title='bbox 979 553 1033 616; x_wconf 86' lang='lat' dir='ltr'><strong>llic</strong></span> <span class='ocrx_word' id='word_1_30' title='bbox 1051 573 1115 616; x_wconf 93' lang='lat' dir='ltr'><strong>cum</strong></span> 
     </span>
     <span class='ocr_line' id='line_1_5' title="bbox 68 632 1115 711; baseline 0.005 -15"><span class='ocrx_word' id='word_1_31' title='bbox 68 636 250 696; x_wconf 87' lang='lat' dir='ltr'><strong>demissum</strong></span> <span class='ocrx_word' id='word_1_32' title='bbox 240 653 270 694; x_wconf 91' lang='lat' dir='ltr'><strong>m</strong></span> <span class='ocrx_word' id='word_1_33' title='bbox 285 651 349 695; x_wconf 88' lang='lat' dir='ltr'><strong>cam</strong></span> <span class='ocrx_word' id='word_1_34' title='bbox 360 632 467 694; x_wconf 85' lang='lat' dir='ltr'><strong>vallem</strong></span> <span class='ocrx_word' id='word_1_35' title='bbox 482 633 597 709; x_wconf 83' lang='lat' dir='ltr'><strong>videret</strong></span> <span class='ocrx_word' id='word_1_36' title='bbox 612 635 793 711; x_wconf 83' lang='lat' dir='ltr'><strong>exercitum,</strong></span> <span class='ocrx_word' id='word_1_37' title='bbox 809 637 891 698; x_wconf 90' lang='lat' dir='ltr'><strong>cuius</strong></span> <span class='ocrx_word' id='word_1_38' title='bbox 907 636 1000 698; x_wconf 89' lang='lat' dir='ltr'><strong>latera</strong></span> <span class='ocrx_word' id='word_1_39' title='bbox 1019 641 1115 702; x_wconf 83' lang='lat' dir='ltr'><strong>omnia</strong></span> 
     </span>
     <span class='ocr_line' id='line_1_6' title="bbox 68 716 1115 802; baseline 0.005 -24"><span class='ocrx_word' id='word_1_40' title='bbox 68 737 146 798; x_wconf 86' lang='lat' dir='ltr'><strong>quac</strong></span> <span class='ocrx_word' id='word_1_41' title='bbox 167 719 323 796; x_wconf 74' lang='lat' dir='ltr'><strong>superiora</strong></span> <span class='ocrx_word' id='word_1_42' title='bbox 345 726 428 778; x_wconf 89' lang='lat' dir='ltr'><strong>erant</strong></span> <span class='ocrx_word' id='word_1_43' title='bbox 443 717 538 778; x_wconf 89' lang='lat' dir='ltr'><strong>bostis</strong></span> <span class='ocrx_word' id='word_1_44' title='bbox 560 716 725 794; x_wconf 78' lang='lat' dir='ltr'><strong>insederat,</strong></span> <span class='ocrx_word' id='word_1_45' title='bbox 748 718 925 798; x_wconf 74' lang='lat' dir='ltr'><strong>depoposcit</strong></span> <span class='ocrx_word' id='word_1_46' title='bbox 947 731 977 781; x_wconf 88' lang='lat' dir='ltr'><strong>ct</strong></span> <span class='ocrx_word' id='word_1_47' title='bbox 997 724 1115 802; x_wconf 89' lang='lat' dir='ltr'><strong>accepit</strong></span> 
     </span>
     <span class='ocr_line' id='line_1_7' title="bbox 67 801 1114 879; baseline 0.005 -16"><span class='ocrx_word' id='word_1_48' title='bbox 67 803 107 863; x_wconf 89' lang='lat' dir='ltr'><strong>ab</strong></span> <span class='ocrx_word' id='word_1_49' title='bbox 134 802 258 862; x_wconf 90' lang='lat' dir='ltr'><strong>consule</strong></span> <span class='ocrx_word' id='word_1_50' title='bbox 284 810 436 862; x_wconf 86' lang='lat' dir='ltr'><strong>trecentos</strong></span> <span class='ocrx_word' id='word_1_51' title='bbox 458 801 586 861; x_wconf 89' lang='lat' dir='ltr'><strong>milites.</strong></span> <span class='ocrx_word' id='word_1_52' title='bbox 609 817 684 879; x_wconf 84' lang='lat' dir='ltr'><strong>quos</strong></span> <span class='ocrx_word' id='word_1_53' title='bbox 705 803 848 878; x_wconf 86' lang='lat' dir='ltr'><strong>hortatus,</strong></span> <span class='ocrx_word' id='word_1_54' title='bbox 874 813 905 865; x_wconf 93' lang='lat' dir='ltr'><strong>ut</strong></span> <span class='ocrx_word' id='word_1_55' title='bbox 926 806 1034 866; x_wconf 86' lang='lat' dir='ltr'><strong>virtuto</strong></span> <span class='ocrx_word' id='word_1_56' title='bbox 1062 821 1114 868; x_wconf 80' lang='lat' dir='ltr'><strong>sua</strong></span> 
     </span>
     <span class='ocr_line' id='line_1_8' title="bbox 67 885 1113 959; baseline 0.006 -13"><span class='ocrx_word' id='word_1_57' title='bbox 67 887 232 946; x_wconf 81' lang='lat' dir='ltr'><strong>exercitum</strong></span> <span class='ocrx_word' id='word_1_58' title='bbox 252 894 419 959; x_wconf 86' lang='lat' dir='ltr'><strong>servarent,</strong></span> <span class='ocrx_word' id='word_1_59' title='bbox 449 887 478 944; x_wconf 92' lang='lat' dir='ltr'><strong>in</strong></span> <span class='ocrx_word' id='word_1_60' title='bbox 500 885 623 944; x_wconf 90' lang='lat' dir='ltr'><strong>mediam</strong></span> <span class='ocrx_word' id='word_1_61' title='bbox 646 885 752 944; x_wconf 86' lang='lat' dir='ltr'><strong>vallem</strong></span> <span class='ocrx_word' id='word_1_62' title='bbox 775 885 948 950; x_wconf 75' lang='lat' dir='ltr'><strong>decucurrit.</strong></span> <span class='ocrx_word' id='word_1_63' title='bbox 992 889 1038 950; x_wconf 82' lang='lat' dir='ltr'><strong>Ad</strong></span> <span class='ocrx_word' id='word_1_64' title='bbox 1061 890 1113 951; x_wconf 91' lang='lat' dir='ltr'><strong>ob·</strong></span> 
     </span>
     <span class='ocr_line' id='line_1_9' title="bbox 65 966 1114 1052; baseline 0.002 -22"><span class='ocrx_word' id='word_1_65' title='bbox 65 969 239 1048; x_wconf 87' lang='lat' dir='ltr'><strong>primendos</strong></span> <span class='ocrx_word' id='word_1_66' title='bbox 263 986 317 1028; x_wconf 88' lang='lat' dir='ltr'><strong>eos</strong></span> <span class='ocrx_word' id='word_1_67' title='bbox 339 967 465 1046; x_wconf 83' lang='lat' dir='ltr'><strong>undique</strong></span> <span class='ocrx_word' id='word_1_68' title='bbox 487 968 640 1029; x_wconf 89' lang='lat' dir='ltr'><strong>descendit</strong></span> <span class='ocrx_word' id='word_1_69' title='bbox 662 966 768 1038; x_wconf 74' lang='lat' dir='ltr'><strong>bostis:</strong></span> <span class='ocrx_word' id='word_1_70' title='bbox 792 969 940 1048; x_wconf 82' lang='lat' dir='ltr'><strong>longoque</strong></span> <span class='ocrx_word' id='word_1_71' title='bbox 964 983 994 1034; x_wconf 87' lang='lat' dir='ltr'><strong>et</strong></span> <span class='ocrx_word' id='word_1_72' title='bbox 1006 990 1114 1052; x_wconf 90' lang='lat' dir='ltr'><strong>aspero</strong></span> 
     </span>
     <span class='ocr_line' id='line_1_10' title="bbox 67 1052 1114 1132; baseline 0.006 -19"><span class='ocrx_word' id='word_1_73' title='bbox 67 1053 186 1132; x_wconf 89' lang='lat' dir='ltr'><strong>proelio</strong></span> <span class='ocrx_word' id='word_1_74' title='bbox 213 1060 346 1112; x_wconf 88' lang='lat' dir='ltr'><strong>retentus</strong></span> <span class='ocrx_word' id='word_1_75' title='bbox 370 1054 560 1114; x_wconf 90' lang='lat' dir='ltr'><strong>occasionem</strong></span> <span class='ocrx_word' id='word_1_76' title='bbox 581 1052 694 1114; x_wconf 88' lang='lat' dir='ltr'><strong>consuli</strong></span> <span class='ocrx_word' id='word_1_77' title='bbox 717 1052 752 1113; x_wconf 88' lang='lat' dir='ltr'><strong>ad</strong></span> <span class='ocrx_word' id='word_1_78' title='bbox 776 1056 983 1118; x_wconf 82' lang='lat' dir='ltr'><strong>extrahendum</strong></span> <span class='ocrx_word' id='word_1_79' title='bbox 999 1059 1114 1119; x_wconf 77' lang='lat' dir='ltr'><strong>enerci-</strong></span> 
     </span>
     <span class='ocr_line' id='line_1_11' title="bbox 66 1137 239 1198; baseline -0.012 -2"><span class='ocrx_word' id='word_1_80' title='bbox 66 1146 125 1198; x_wconf 87' lang='lat' dir='ltr'><strong>tum</strong></span> <span class='ocrx_word' id='word_1_81' title='bbox 147 1137 239 1198; x_wconf 82' lang='lat' dir='ltr'><strong>dedit.</strong></span> 
     </span>
    </p>

    <p class='ocr_par' dir='ltr' id='par_1_3' title="bbox 64 1217 1194 1700">
     <span class='ocr_line' id='line_1_12' title="bbox 158 1217 1114 1302; baseline 0.004 -22"><span class='ocrx_word' id='word_1_82' title='bbox 158 1223 210 1280; x_wconf 90' lang='grc'><strong>11.</strong></span> <span class='ocrx_word' id='word_1_83' title='bbox 253 1218 287 1280; x_wconf 83' lang='lat' dir='ltr'><strong>C.</strong></span> <span class='ocrx_word' id='word_1_84' title='bbox 311 1217 438 1295; x_wconf 79' lang='lat' dir='ltr'><strong>Caesar,</strong></span> <span class='ocrx_word' id='word_1_85' title='bbox 462 1218 604 1279; x_wconf 87' lang='lat' dir='ltr'><strong>adversus</strong></span> <span class='ocrx_word' id='word_1_86' title='bbox 627 1219 787 1282; x_wconf 84' lang='lat' dir='ltr'><strong>Germanos</strong></span> <span class='ocrx_word' id='word_1_87' title='bbox 807 1230 837 1282; x_wconf 85' lang='lat' dir='ltr'><strong>ct</strong></span> <span class='ocrx_word' id='word_1_88' title='bbox 861 1222 1041 1284; x_wconf 79' lang='lat' dir='ltr'><strong>Ariovistum</strong></span> <span class='ocrx_word' id='word_1_89' title='bbox 1062 1241 1114 1302; x_wconf 91' lang='lat' dir='ltr'><strong>pu·</strong></span> 
     </span>
     <span class='ocr_line' id='line_1_13' title="bbox 66 1304 1113 1382; baseline 0.004 -18"><span class='ocrx_word' id='word_1_90' title='bbox 66 1313 228 1382; x_wconf 80' lang='lat' dir='ltr'><strong>gnaturus,</strong></span> <span class='ocrx_word' id='word_1_91' title='bbox 249 1304 379 1364; x_wconf 89' lang='lat' dir='ltr'><strong>coniusis</strong></span> <span class='ocrx_word' id='word_1_92' title='bbox 398 1319 515 1364; x_wconf 89' lang='lat' dir='ltr'><strong>suornm</strong></span> <span class='ocrx_word' id='word_1_93' title='bbox 535 1304 637 1362; x_wconf 88' lang='lat' dir='ltr'><strong>animis</strong></span> <span class='ocrx_word' id='word_1_94' title='bbox 656 1321 711 1380; x_wconf 90' lang='lat' dir='ltr'><strong>pro</strong></span> <span class='ocrx_word' id='word_1_95' title='bbox 734 1305 877 1364; x_wconf 86' lang='lat' dir='ltr'><strong>concione</strong></span> <span class='ocrx_word' id='word_1_96' title='bbox 897 1306 984 1381; x_wconf 83' lang='lat' dir='ltr'><strong>dixit,</strong></span> <span class='ocrx_word' id='word_1_97' title='bbox 1007 1307 1113 1368; x_wconf 86' lang='lat' dir='ltr'><strong>nullius</strong></span> 
     </span>
     <span class='ocr_line' id='line_1_14' title="bbox 67 1386 1113 1466; baseline 0.002 -18"><span class='ocrx_word' id='word_1_98' title='bbox 67 1408 105 1448; x_wconf 86' lang='lat' dir='ltr'><strong>se</strong></span> <span class='ocrx_word' id='word_1_99' title='bbox 134 1404 173 1448; x_wconf 90' lang='lat' dir='ltr'><strong>eo</strong></span> <span class='ocrx_word' id='word_1_100' title='bbox 199 1387 245 1446; x_wconf 90' lang='lat' dir='ltr'><strong>die</strong></span> <span class='ocrx_word' id='word_1_101' title='bbox 270 1404 363 1466; x_wconf 90' lang='lat' dir='ltr'><strong>opera</strong></span> <span class='ocrx_word' id='word_1_102' title='bbox 385 1386 440 1445; x_wconf 91' lang='lat' dir='ltr'><strong>nisi</strong></span> <span class='ocrx_word' id='word_1_103' title='bbox 457 1387 589 1446; x_wconf 86' lang='lat' dir='ltr'><strong>decimae</strong></span> <span class='ocrx_word' id='word_1_104' title='bbox 608 1386 734 1463; x_wconf 84' lang='lat' dir='ltr'><strong>legionis</strong></span> <span class='ocrx_word' id='word_1_105' title='bbox 756 1405 889 1447; x_wconf 94' lang='lat' dir='ltr'><strong>usurum:</strong></span> <span class='ocrx_word' id='word_1_106' title='bbox 911 1405 970 1466; x_wconf 87' lang='lat' dir='ltr'><strong>quo</strong></span> <span class='ocrx_word' id='word_1_107' title='bbox 990 1389 1113 1450; x_wconf 89' lang='lat' dir='ltr'><strong>adsecu-</strong></span> 
     </span>
     <span class='ocr_line' id='line_1_15' title="bbox 64 1470 1113 1550; baseline 0 -18"><span class='ocrx_word' id='word_1_108' title='bbox 64 1482 116 1532; x_wconf 86' lang='lat' dir='ltr'><strong>tns</strong></span> <span class='ocrx_word' id='word_1_109' title='bbox 136 1480 199 1547; x_wconf 87' lang='lat' dir='ltr'><strong>est,</strong></span> <span class='ocrx_word' id='word_1_110' title='bbox 220 1481 251 1531; x_wconf 88' lang='lat' dir='ltr'><strong>ut</strong></span> <span class='ocrx_word' id='word_1_111' title='bbox 271 1480 302 1531; x_wconf 88' lang='lat' dir='ltr'><strong>et</strong></span> <span class='ocrx_word' id='word_1_112' title='bbox 320 1471 462 1530; x_wconf 84' lang='lat' dir='ltr'><strong>decimani</strong></span> <span class='ocrx_word' id='word_1_113' title='bbox 484 1478 628 1548; x_wconf 81' lang='lat' dir='ltr'><strong>tamquam</strong></span> <span class='ocrx_word' id='word_1_114' title='bbox 644 1472 821 1550; x_wconf 86' lang='lat' dir='ltr'><strong>praecipuae</strong></span> <span class='ocrx_word' id='word_1_115' title='bbox 837 1470 1012 1533; x_wconf 77' lang='lat' dir='ltr'><strong>fortitudinis</strong></span> <span class='ocrx_word' id='word_1_116' title='bbox 1033 1473 1113 1533; x_wconf 88' lang='lat' dir='ltr'><strong>testi·</strong></span> 
     </span>
     <span class='ocr_line' id='line_1_16' title="bbox 65 1554 1194 1635; baseline 0.002 -20"><span class='ocrx_word' id='word_1_117' title='bbox 65 1557 167 1615; x_wconf 89' lang='lat' dir='ltr'><strong>monio</strong></span> <span class='ocrx_word' id='word_1_118' title='bbox 183 1556 414 1631; x_wconf 82' lang='lat' dir='ltr'><strong>concitarentur,</strong></span> <span class='ocrx_word' id='word_1_119' title='bbox 438 1562 470 1614; x_wconf 89' lang='lat' dir='ltr'><strong>et</strong></span> <span class='ocrx_word' id='word_1_120' title='bbox 490 1555 583 1614; x_wconf 84' lang='lat' dir='ltr'><strong>ceteri</strong></span> <span class='ocrx_word' id='word_1_121' title='bbox 604 1555 735 1633; x_wconf 88' lang='lat' dir='ltr'><strong>pudore,</strong></span> <span class='ocrx_word' id='word_1_122' title='bbox 759 1573 796 1616; x_wconf 91' lang='lat' dir='ltr'><strong>ne</strong></span> <span class='ocrx_word' id='word_1_123' title='bbox 816 1572 909 1635; x_wconf 89' lang='lat' dir='ltr'><strong>penes</strong></span> <span class='ocrx_word' id='word_1_124' title='bbox 925 1554 998 1616; x_wconf 87' lang='lat' dir='ltr'><strong>alios</strong></span> <span class='ocrx_word' id='word_1_125' title='bbox 1017 1554 1113 1632; x_wconf 79' lang='lat' dir='ltr'><strong>gloria</strong></span> <span class='ocrx_word' id='word_1_126' title='bbox 1190 1621 1194 1634; x_wconf 60' lang='grc'><em>,</em></span> 
     </span>
     <span class='ocr_line' id='line_1_17' title="bbox 67 1640 294 1700; baseline 0.004 -3"><span class='ocrx_word' id='word_1_127' title='bbox 67 1640 187 1700; x_wconf 83' lang='lat' dir='ltr'><strong>virtutis</strong></span> <span class='ocrx_word' id='word_1_128' title='bbox 204 1647 294 1700; x_wconf 88' lang='lat' dir='ltr'><strong>esset.</strong></span> 
     </span>
    </p>

    <p class='ocr_par' dir='ltr' id='par_1_4' title="bbox 68 1719 1112 1970">
     <span class='ocr_line' id='line_1_18' title="bbox 158 1719 1112 1800; baseline 0.002 -18"><span class='ocrx_word' id='word_1_129' title='bbox 158 1721 207 1782; x_wconf 82' lang='lat'><strong>12.</strong></span> <span class='ocrx_word' id='word_1_130' title='bbox 243 1719 494 1783; x_wconf 78' lang='lat' dir='ltr'><strong>Lacedaemonius</strong></span> <span class='ocrx_word' id='word_1_131' title='bbox 509 1720 759 1798; x_wconf 82' lang='lat' dir='ltr'><strong>quidamnobilis,</strong></span> <span class='ocrx_word' id='word_1_132' title='bbox 776 1721 910 1800; x_wconf 88' lang='lat' dir='ltr'><strong>Philippo</strong></span> <span class='ocrx_word' id='word_1_133' title='bbox 928 1721 1112 1784; x_wconf 87' lang='lat' dir='ltr'><strong>denuntiante</strong></span> 
     </span>
     <span class='ocr_line' id='line_1_19' title="bbox 68 1805 1112 1885; baseline 0.002 -19"><span class='ocrx_word' id='word_1_134' title='bbox 68 1807 167 1867; x_wconf 88' lang='lat' dir='ltr'><strong>multis</strong></span> <span class='ocrx_word' id='word_1_135' title='bbox 182 1825 216 1866; x_wconf 83' lang='lat' dir='ltr'><strong>se</strong></span> <span class='ocrx_word' id='word_1_136' title='bbox 233 1805 460 1885; x_wconf 87' lang='lat' dir='ltr'><strong>prohibiturum,</strong></span> <span class='ocrx_word' id='word_1_137' title='bbox 474 1805 529 1863; x_wconf 89' lang='lat' dir='ltr'><strong>nisi</strong></span> <span class='ocrx_word' id='word_1_138' title='bbox 548 1805 651 1864; x_wconf 86' lang='lat' dir='ltr'><strong>civitas</strong></span> <span class='ocrx_word' id='word_1_139' title='bbox 673 1806 729 1865; x_wconf 91' lang='lat' dir='ltr'><strong>sibi</strong></span> <span class='ocrx_word' id='word_1_140' title='bbox 748 1807 883 1882; x_wconf 89' lang='lat' dir='ltr'><strong>daretur,</strong></span> <span class='ocrx_word' id='word_1_141' title='bbox 904 1805 990 1883; x_wconf 91' lang='lat' dir='ltr'><strong>Num,</strong></span> <span class='ocrx_word' id='word_1_142' title='bbox 1010 1807 1112 1884; x_wconf 86' lang='lat' dir='ltr'><strong>inquit,</strong></span> 
     </span>
     <span class='ocr_line' id='line_1_20' title="bbox 68 1885 676 1970; baseline -0.003 -20"><span class='ocrx_word' id='word_1_143' title='bbox 68 1900 101 1951; x_wconf 88' lang='lat' dir='ltr'><strong>et</strong></span> <span class='ocrx_word' id='word_1_144' title='bbox 118 1906 173 1970; x_wconf 92' lang='lat' dir='ltr'><strong>pro</strong></span> <span class='ocrx_word' id='word_1_145' title='bbox 198 1892 291 1969; x_wconf 89' lang='lat' dir='ltr'><strong>patria</strong></span> <span class='ocrx_word' id='word_1_146' title='bbox 313 1890 463 1948; x_wconf 89' lang='lat' dir='ltr'><strong>morinos</strong></span> <span class='ocrx_word' id='word_1_147' title='bbox 484 1885 676 1967; x_wconf 79' lang='lat' dir='ltr'><strong>prohibebit?</strong></span> 
     </span>
    </p>

    <p class='ocr_par' dir='ltr' id='par_1_5' title="bbox 66 1971 1112 2219">
     <span class='ocr_line' id='line_1_21' title="bbox 155 1971 1112 2049; baseline 0.003 -15"><span class='ocrx_word' id='word_1_148' title='bbox 155 1973 206 2034; x_wconf 84' lang='lat'><strong>13.</strong></span> <span class='ocrx_word' id='word_1_149' title='bbox 245 1972 390 2033; x_wconf 81' lang='lat' dir='ltr'><strong>leonidas</strong></span> <span class='ocrx_word' id='word_1_150' title='bbox 418 1971 684 2049; x_wconf 82' lang='lat' dir='ltr'><strong>lacedaemonius,</strong></span> <span class='ocrx_word' id='word_1_151' title='bbox 714 1989 778 2032; x_wconf 90' lang='lat' dir='ltr'><strong>oum</strong></span> <span class='ocrx_word' id='word_1_152' title='bbox 811 1973 977 2036; x_wconf 87' lang='lat' dir='ltr'><strong>dicerentur</strong></span> <span class='ocrx_word' id='word_1_153' title='bbox 1002 1973 1112 2036; x_wconf 83' lang='lat' dir='ltr'><strong>Persas</strong></span> 
     </span>
     <span class='ocr_line' id='line_1_22' title="bbox 67 2055 1112 2134; baseline 0.004 -18"><span class='ocrx_word' id='word_1_154' title='bbox 67 2058 240 2134; x_wconf 83' lang='lat' dir='ltr'><strong>sagittarum</strong></span> <span class='ocrx_word' id='word_1_155' title='bbox 255 2056 434 2116; x_wconf 85' lang='lat' dir='ltr'><strong>multitudine</strong></span> <span class='ocrx_word' id='word_1_156' title='bbox 449 2055 542 2115; x_wconf 91' lang='lat' dir='ltr'><strong>nubes</strong></span> <span class='ocrx_word' id='word_1_157' title='bbox 560 2073 629 2118; x_wconf 84' lang='lat' dir='ltr'><strong>esse</strong></span> <span class='ocrx_word' id='word_1_158' title='bbox 650 2056 770 2132; x_wconf 81' lang='lat' dir='ltr'><strong>facturi,</strong></span> <span class='ocrx_word' id='word_1_159' title='bbox 794 2057 886 2119; x_wconf 86' lang='lat' dir='ltr'><strong>icrtur</strong></span> <span class='ocrx_word' id='word_1_160' title='bbox 901 2059 1029 2121; x_wconf 80' lang='lat' dir='ltr'><strong>dixisse:</strong></span> <span class='ocrx_word' id='word_1_161' title='bbox 1051 2057 1112 2120; x_wconf 83' lang='lat' dir='ltr'><strong>tte·</strong></span> 
     </span>
     <span class='ocr_line' id='line_1_23' title="bbox 66 2139 576 2219; baseline 0 -19"><span class='ocrx_word' id='word_1_162' title='bbox 66 2141 125 2200; x_wconf 90' lang='lat' dir='ltr'><strong>lius</strong></span> <span class='ocrx_word' id='word_1_163' title='bbox 146 2142 176 2200; x_wconf 88' lang='lat' dir='ltr'><strong>in</strong></span> <span class='ocrx_word' id='word_1_164' title='bbox 196 2140 297 2201; x_wconf 90' lang='lat' dir='ltr'><strong>umbra</strong></span> <span class='ocrx_word' id='word_1_165' title='bbox 318 2139 576 2219; x_wconf 76' lang='lat' dir='ltr'><strong>propugnabimus.</strong></span> 
     </span>
    </p>

    <p class='ocr_par' dir='ltr' id='par_1_6' title="bbox 65 2221 1112 2387">
     <span class='ocr_line' id='line_1_24' title="bbox 155 2221 1112 2302; baseline -0.003 -17"><span class='ocrx_word' id='word_1_166' title='bbox 155 2227 206 2285; x_wconf 83' lang='grc'><strong>14.</strong></span> <span class='ocrx_word' id='word_1_167' title='bbox 250 2222 282 2284; x_wconf 87' lang='lat' dir='ltr'><strong>b.</strong></span> <span class='ocrx_word' id='word_1_168' title='bbox 297 2222 401 2283; x_wconf 83' lang='lat' dir='ltr'><strong>Aelius</strong></span> <span class='ocrx_word' id='word_1_169' title='bbox 412 2232 532 2302; x_wconf 88' lang='lat' dir='ltr'><strong>praetor</strong></span> <span class='ocrx_word' id='word_1_170' title='bbox 544 2221 689 2298; x_wconf 86' lang='lat' dir='ltr'><strong>urbanus,</strong></span> <span class='ocrx_word' id='word_1_171' title='bbox 713 2237 777 2281; x_wconf 90' lang='lat' dir='ltr'><strong>cum</strong></span> <span class='ocrx_word' id='word_1_172' title='bbox 795 2221 823 2280; x_wconf 89' lang='lat' dir='ltr'><strong>ei</strong></span> <span class='ocrx_word' id='word_1_173' title='bbox 840 2222 885 2281; x_wconf 90' lang='lat' dir='ltr'><strong>ius</strong></span> <span class='ocrx_word' id='word_1_174' title='bbox 903 2222 1010 2284; x_wconf 88' lang='lat' dir='ltr'><strong>dicenti</strong></span> <span class='ocrx_word' id='word_1_175' title='bbox 1028 2224 1112 2301; x_wconf 92' lang='lat' dir='ltr'><strong>picus</strong></span> 
     </span>
     <span class='ocr_line' id='line_1_25' title="bbox 65 2304 1112 2387; baseline -0.005 -19"><span class='ocrx_word' id='word_1_176' title='bbox 65 2309 216 2387; x_wconf 87' lang='lat' dir='ltr'><strong>incapite</strong></span> <span class='ocrx_word' id='word_1_177' title='bbox 236 2307 395 2368; x_wconf 74' lang='lat' dir='ltr'><strong>incedisset</strong></span> <span class='ocrx_word' id='word_1_178' title='bbox 416 2316 447 2366; x_wconf 90' lang='lat' dir='ltr'><strong>et</strong></span> <span class='ocrx_word' id='word_1_179' title='bbox 468 2306 641 2384; x_wconf 86' lang='lat' dir='ltr'><strong>haruspices</strong></span> <span class='ocrx_word' id='word_1_180' title='bbox 656 2304 894 2383; x_wconf 87' lang='lat' dir='ltr'><strong>respondissent,</strong></span> <span class='ocrx_word' id='word_1_181' title='bbox 918 2306 1035 2366; x_wconf 87' lang='lat' dir='ltr'><strong>dimissa</strong></span> <span class='ocrx_word' id='word_1_182' title='bbox 1056 2322 1112 2364; x_wconf 86' lang='lat' dir='ltr'><strong>ave</strong></span> 
     </span>
    </p>

    <p class='ocr_par' dir='ltr' id='par_1_7' title="bbox 24 2371 1112 2886">
     <span class='ocr_line' id='line_1_26' title="bbox 24 2371 1111 2488; baseline -0.004 -35.955"><span class='ocrx_word' id='word_1_183' title='bbox 24 2371 196 2452; x_wconf 57' lang='lat' dir='ltr'><strong>*hostium</strong></span> <span class='ocrx_word' id='word_1_184' title='bbox 217 2391 369 2452; x_wconf 85' lang='lat' dir='ltr'><strong>victoriam</strong></span> <span class='ocrx_word' id='word_1_185' title='bbox 393 2391 479 2465; x_wconf 87' lang='lat' dir='ltr'><strong>iore,</strong></span> <span class='ocrx_word' id='word_1_186' title='bbox 507 2397 613 2450; x_wconf 86' lang='lat' dir='ltr'><strong>necata</strong></span> <span class='ocrx_word' id='word_1_187' title='bbox 640 2388 779 2488; x_wconf 83' lang='lat' dir='ltr'><strong>populum</strong></span> <span class='ocrx_word' id='word_1_188' title='bbox 798 2387 957 2450; x_wconf 86' lang='lat' dir='ltr'><strong>Romanum</strong></span> <span class='ocrx_word' id='word_1_189' title='bbox 979 2389 1111 2467; x_wconf 88' lang='lat' dir='ltr'><strong>superio·</strong></span> 
     </span>
     <span class='ocr_line' id='line_1_27' title="bbox 65 2472 1112 2570; baseline 0 -36"><span class='ocrx_word' id='word_1_190' title='bbox 65 2493 147 2551; x_wconf 83' lang='lat' dir='ltr'><strong>rem,</strong></span> <span class='ocrx_word' id='word_1_191' title='bbox 176 2484 205 2534; x_wconf 89' lang='lat' dir='ltr'><strong>at</strong></span> <span class='ocrx_word' id='word_1_192' title='bbox 225 2474 341 2534; x_wconf 81' lang='lat' dir='ltr'><strong>Aelium</strong></span> <span class='ocrx_word' id='word_1_193' title='bbox 368 2493 433 2534; x_wconf 93' lang='lat' dir='ltr'><strong>cum</strong></span> <span class='ocrx_word' id='word_1_194' title='bbox 461 2472 568 2534; x_wconf 83' lang='lat' dir='ltr'><strong>familia</strong></span> <span class='ocrx_word' id='word_1_195' title='bbox 592 2475 767 2552; x_wconf 87' lang='lat' dir='ltr'><strong>peritumm,</strong></span> <span class='ocrx_word' id='word_1_196' title='bbox 798 2491 881 2534; x_wconf 83' lang='lat' dir='ltr'><strong>arem</strong></span> <span class='ocrx_word' id='word_1_197' title='bbox 904 2473 1027 2534; x_wconf 87' lang='lat' dir='ltr'><strong>occidit:</strong></span> <span class='ocrx_word' id='word_1_198' title='bbox 1056 2489 1112 2570; x_wconf 79' lang='grc' dir='ltr'><strong>(ιιι</strong></span> 
     </span>
     <span class='ocr_line' id='line_1_28' title="bbox 67 2557 1111 2635; baseline -0.002 -17"><span class='ocrx_word' id='word_1_199' title='bbox 67 2560 187 2633; x_wconf 86' lang='lat' dir='ltr'><strong>occisa,</strong></span> <span class='ocrx_word' id='word_1_200' title='bbox 210 2575 268 2618; x_wconf 91' lang='lat' dir='ltr'><strong>nou</strong></span> <span class='ocrx_word' id='word_1_201' title='bbox 291 2557 431 2620; x_wconf 85' lang='lat' dir='ltr'><strong>dubitarit</strong></span> <span class='ocrx_word' id='word_1_202' title='bbox 445 2557 517 2618; x_wconf 88' lang='lat' dir='ltr'><strong>darc</strong></span> <span class='ocrx_word' id='word_1_203' title='bbox 536 2574 678 2635; x_wconf 81' lang='lat' dir='ltr'><strong>poenam3</strong></span> <span class='ocrx_word' id='word_1_204' title='bbox 700 2576 764 2617; x_wconf 90' lang='lat' dir='ltr'><strong>nam</strong></span> <span class='ocrx_word' id='word_1_205' title='bbox 781 2559 912 2620; x_wconf 81' lang='lat' dir='ltr'><strong>exercitu</strong></span> <span class='ocrx_word' id='word_1_206' title='bbox 928 2566 1029 2618; x_wconf 86' lang='lat' dir='ltr'><strong>nostro</strong></span> <span class='ocrx_word' id='word_1_207' title='bbox 1050 2557 1111 2616; x_wconf 90' lang='lat' dir='ltr'><strong>viu·</strong></span> 
     </span>
     <span class='ocr_line' id='line_1_29' title="bbox 67 2641 1111 2722; baseline 0 -20"><span class='ocrx_word' id='word_1_208' title='bbox 67 2651 155 2703; x_wconf 86' lang='lat' dir='ltr'><strong>ceute</strong></span> <span class='ocrx_word' id='word_1_209' title='bbox 171 2643 237 2720; x_wconf 87' lang='lat' dir='ltr'><strong>ipse</strong></span> <span class='ocrx_word' id='word_1_210' title='bbox 254 2660 318 2702; x_wconf 92' lang='lat' dir='ltr'><strong>cum</strong></span> <span class='ocrx_word' id='word_1_211' title='bbox 333 2641 564 2720; x_wconf 83' lang='lat' dir='ltr'><strong>quattuordecim</strong></span> <span class='ocrx_word' id='word_1_212' title='bbox 576 2641 670 2704; x_wconf 82' lang='lat' dir='ltr'><strong>Aeliis</strong></span> <span class='ocrx_word' id='word_1_213' title='bbox 686 2660 725 2701; x_wconf 81' lang='lat' dir='ltr'><strong>ex</strong></span> <span class='ocrx_word' id='word_1_214' title='bbox 740 2644 841 2705; x_wconf 87' lang='lat' dir='ltr'><strong>eadem</strong></span> <span class='ocrx_word' id='word_1_215' title='bbox 856 2643 965 2704; x_wconf 70' lang='lat' dir='ltr'><strong>familia</strong></span> <span class='ocrx_word' id='word_1_216' title='bbox 980 2643 1009 2702; x_wconf 88' lang='lat' dir='ltr'><strong>in</strong></span> <span class='ocrx_word' id='word_1_217' title='bbox 1024 2658 1111 2722; x_wconf 90' lang='lat' dir='ltr'><strong>proc·</strong></span> 
     </span>
     <span class='ocr_line' id='line_1_30' title="bbox 65 2723 1111 2803; baseline -0.001 -17"><span class='ocrx_word' id='word_1_218' title='bbox 65 2727 108 2786; x_wconf 91' lang='lat' dir='ltr'><strong>lio</strong></span> <span class='ocrx_word' id='word_1_219' title='bbox 125 2736 174 2786; x_wconf 87' lang='lat' dir='ltr'><strong>est</strong></span> <span class='ocrx_word' id='word_1_220' title='bbox 194 2726 321 2785; x_wconf 88' lang='lat' dir='ltr'><strong>occisus.</strong></span> <span class='ocrx_word' id='word_1_221' title='bbox 365 2724 448 2784; x_wconf 90' lang='lat' dir='ltr'><strong>lluuc</strong></span> <span class='ocrx_word' id='word_1_222' title='bbox 462 2725 577 2803; x_wconf 85' lang='lat' dir='ltr'><strong>quidam</strong></span> <span class='ocrx_word' id='word_1_223' title='bbox 594 2742 651 2783; x_wconf 91' lang='lat' dir='ltr'><strong>non</strong></span> <span class='ocrx_word' id='word_1_224' title='bbox 667 2723 781 2784; x_wconf 84' lang='lat' dir='ltr'><strong>Aelium</strong></span> <span class='ocrx_word' id='word_1_225' title='bbox 796 2728 850 2787; x_wconf 90' lang='lat' dir='ltr'><strong>sed</strong></span> <span class='ocrx_word' id='word_1_226' title='bbox 864 2727 992 2787; x_wconf 88' lang='lat' dir='ltr'><strong>Laelium</strong></span> <span class='ocrx_word' id='word_1_227' title='bbox 1008 2727 1111 2800; x_wconf 89' lang='lat' dir='ltr'><strong>fnisse,</strong></span> 
     </span>
     <span class='ocr_line' id='line_1_31' title="bbox 67 2806 745 2886; baseline -0.007 -17"><span class='ocrx_word' id='word_1_228' title='bbox 67 2819 98 2870; x_wconf 87' lang='lat' dir='ltr'><strong>et</strong></span> <span class='ocrx_word' id='word_1_229' title='bbox 118 2808 239 2869; x_wconf 89' lang='lat' dir='ltr'><strong>Laelios</strong></span> <span class='ocrx_word' id='word_1_230' title='bbox 260 2825 319 2868; x_wconf 91' lang='lat' dir='ltr'><strong>uon</strong></span> <span class='ocrx_word' id='word_1_231' title='bbox 341 2807 444 2868; x_wconf 79' lang='lat' dir='ltr'><strong>Aerios</strong></span> <span class='ocrx_word' id='word_1_232' title='bbox 465 2808 592 2886; x_wconf 90' lang='lat' dir='ltr'><strong>periisse</strong></span> <span class='ocrx_word' id='word_1_233' title='bbox 614 2806 745 2867; x_wconf 89' lang='lat' dir='ltr'><strong>credunt.</strong></span> 
     </span>
    </p>

    <p class='ocr_par' dir='ltr' id='par_1_8' title="bbox 157 2889 1111 2969">
     <span class='ocr_line' id='line_1_32' title="bbox 157 2889 1111 2969; baseline -0.003 -17"><span class='ocrx_word' id='word_1_234' title='bbox 157 2894 208 2952; x_wconf 87' lang='lat'><strong>15.</strong></span> <span class='ocrx_word' id='word_1_235' title='bbox 248 2891 279 2952; x_wconf 93' lang='lat' dir='ltr'><strong>P.</strong></span> <span class='ocrx_word' id='word_1_236' title='bbox 302 2891 404 2968; x_wconf 87' lang='lat' dir='ltr'><strong>Decii,</strong></span> <span class='ocrx_word' id='word_1_237' title='bbox 428 2893 521 2969; x_wconf 91' lang='lat' dir='ltr'><strong>primo</strong></span> <span class='ocrx_word' id='word_1_238' title='bbox 545 2898 630 2969; x_wconf 88' lang='lat' dir='ltr'><strong>pater</strong></span> <span class='ocrx_word' id='word_1_239' title='bbox 649 2898 754 2966; x_wconf 89' lang='lat' dir='ltr'><strong>postea</strong></span> <span class='ocrx_word' id='word_1_240' title='bbox 775 2889 869 2964; x_wconf 87' lang='lat' dir='ltr'><strong>iilius,</strong></span> <span class='ocrx_word' id='word_1_241' title='bbox 893 2891 920 2949; x_wconf 88' lang='lat' dir='ltr'><strong>in</strong></span> <span class='ocrx_word' id='word_1_242' title='bbox 942 2893 1111 2966; x_wconf 88' lang='lat' dir='ltr'><strong>magistratu</strong></span> 
     </span>
    </p>
   </div>
   <div class='ocr_carea' id='block_1_3' title="bbox 67 2971 1212 3066">
    <p class='ocr_par' dir='ltr' id='par_1_9' title="bbox 67 2971 1212 3066">
     <span class='ocr_line' id='line_1_33' title="bbox 67 2971 1212 3066; baseline -0.007 -30"><span class='ocrx_word' id='word_1_243' title='bbox 67 2995 100 3036; x_wconf 86' lang='lat' dir='ltr'><strong>sc</strong></span> <span class='ocrx_word' id='word_1_244' title='bbox 130 2993 188 3054; x_wconf 91' lang='lat' dir='ltr'><strong>pro</strong></span> <span class='ocrx_word' id='word_1_245' title='bbox 214 2975 367 3054; x_wconf 83' lang='lat' dir='ltr'><strong>republica</strong></span> <span class='ocrx_word' id='word_1_246' title='bbox 394 2975 593 3049; x_wconf 83' lang='lat' dir='ltr'><strong>devoverunt,</strong></span> <span class='ocrx_word' id='word_1_247' title='bbox 623 2971 851 3050; x_wconf 86' lang='lat' dir='ltr'><strong>admissisque</strong></span> <span class='ocrx_word' id='word_1_248' title='bbox 843 2989 871 3030; x_wconf 90' lang='lat' dir='ltr'><strong>m</strong></span> <span class='ocrx_word' id='word_1_249' title='bbox 891 2972 1006 3031; x_wconf 87' lang='lat' dir='ltr'><strong>hostem</strong></span> <span class='ocrx_word' id='word_1_250' title='bbox 1028 2975 1111 3048; x_wconf 88' lang='lat' dir='ltr'><strong>equis</strong></span> <span class='ocrx_word' id='word_1_251' title='bbox 1206 3054 1212 3066; x_wconf 28' lang='grc' dir='ltr'><strong>ι</strong></span> 
     </span>
    </p>
   </div>
   <div class='ocr_carea' id='block_1_4' title="bbox 66 3056 829 3138">
    <p class='ocr_par' dir='ltr' id='par_1_10' title="bbox 66 3056 829 3138">
     <span class='ocr_line' id='line_1_34' title="bbox 66 3056 829 3138; baseline -0.008 -17"><span class='ocrx_word' id='word_1_252' title='bbox 66 3060 169 3138; x_wconf 89' lang='lat' dir='ltr'><strong>adepti</strong></span> <span class='ocrx_word' id='word_1_253' title='bbox 193 3068 316 3119; x_wconf 90' lang='lat' dir='ltr'><strong>mortem</strong></span> <span class='ocrx_word' id='word_1_254' title='bbox 335 3059 488 3120; x_wconf 82' lang='lat' dir='ltr'><strong>victoriam</strong></span> <span class='ocrx_word' id='word_1_255' title='bbox 506 3058 618 3136; x_wconf 85' lang='lat' dir='ltr'><strong>patriae</strong></span> <span class='ocrx_word' id='word_1_256' title='bbox 637 3056 829 3117; x_wconf 87' lang='lat' dir='ltr'><strong>contulerunt</strong></span> 
     </span>
    </p>
   </div>
   <div class='ocr_carea' id='block_1_5' title="bbox 156 3137 1221 3218">
    <p class='ocr_par' dir='ltr' id='par_1_11' title="bbox 156 3137 1221 3218">
     <span class='ocr_line' id='line_1_35' title="bbox 156 3137 1221 3218; baseline -0.005 -16"><span class='ocrx_word' id='word_1_257' title='bbox 156 3144 206 3204; x_wconf 90' lang='grc'><strong>16.</strong></span> <span class='ocrx_word' id='word_1_258' title='bbox 247 3141 279 3202; x_wconf 99' lang='lat' dir='ltr'><strong>P</strong></span> <span class='ocrx_word' id='word_1_259' title='bbox 303 3141 446 3218; x_wconf 79' lang='lat' dir='ltr'><strong>Crassus,</strong></span> <span class='ocrx_word' id='word_1_260' title='bbox 475 3159 539 3202; x_wconf 90' lang='lat' dir='ltr'><strong>cum</strong></span> <span class='ocrx_word' id='word_1_261' title='bbox 565 3141 677 3204; x_wconf 89' lang='lat' dir='ltr'><strong>bellum</strong></span> <span class='ocrx_word' id='word_1_262' title='bbox 705 3141 859 3204; x_wconf 88' lang='lat' dir='ltr'><strong>adversus</strong></span> <span class='ocrx_word' id='word_1_263' title='bbox 865 3137 1092 3198; x_wconf 74' lang='lat' dir='ltr'><strong>Aristonicum&#39;</strong></span> <span class='ocrx_word' id='word_1_264' title='bbox 1084 3157 1112 3198; x_wconf 92' lang='lat' dir='ltr'><strong>m</strong></span> <span class='ocrx_word' id='word_1_265' title='bbox 1213 3141 1221 3154; x_wconf 88' lang='lat'>&#39;</span> 
     </span>
    </p>
   </div>
   <div class='ocr_carea' id='block_1_6' title="bbox 64 3223 1113 3558">
    <p class='ocr_par' dir='ltr' id='par_1_12' title="bbox 64 3223 1113 3558">
     <span class='ocr_line' id='line_1_36' title="bbox 66 3223 1110 3304; baseline -0.006 -16"><span class='ocrx_word' id='word_1_266' title='bbox 66 3229 139 3288; x_wconf 80' lang='lat' dir='ltr'><strong>Asia</strong></span> <span class='ocrx_word' id='word_1_267' title='bbox 163 3244 274 3304; x_wconf 82' lang='lat' dir='ltr'><strong>gerens</strong></span> <span class='ocrx_word' id='word_1_268' title='bbox 290 3228 365 3286; x_wconf 88' lang='lat' dir='ltr'><strong>inter</strong></span> <span class='ocrx_word' id='word_1_269' title='bbox 382 3225 503 3286; x_wconf 82' lang='lat' dir='ltr'><strong>lilaeam</strong></span> <span class='ocrx_word' id='word_1_270' title='bbox 521 3234 551 3284; x_wconf 91' lang='lat' dir='ltr'><strong>et</strong></span> <span class='ocrx_word' id='word_1_271' title='bbox 571 3224 741 3300; x_wconf 76' lang='lat' dir='ltr'><strong>Myrinam·</strong></span> <span class='ocrx_word' id='word_1_272' title='bbox 734 3244 761 3284; x_wconf 93' lang='lat' dir='ltr'><strong>m</strong></span> <span class='ocrx_word' id='word_1_273' title='bbox 777 3223 902 3284; x_wconf 87' lang='lat' dir='ltr'><strong>hostium</strong></span> <span class='ocrx_word' id='word_1_274' title='bbox 919 3223 1019 3300; x_wconf 90' lang='lat' dir='ltr'><strong>copias</strong></span> <span class='ocrx_word' id='word_1_275' title='bbox 1041 3223 1110 3284; x_wconf 91' lang='lat' dir='ltr'><strong>inci</strong></span> 
     </span>
     <span class='ocr_line' id='line_1_37' title="bbox 64 3305 1111 3388; baseline -0.005 -17"><span class='ocrx_word' id='word_1_276' title='bbox 64 3312 161 3372; x_wconf 90' lang='lat' dir='ltr'><strong>disset</strong></span> <span class='ocrx_word' id='word_1_277' title='bbox 187 3313 330 3388; x_wconf 82' lang='lat' dir='ltr'><strong>vivusque</strong></span> <span class='ocrx_word' id='word_1_278' title='bbox 352 3309 565 3384; x_wconf 85' lang='lat' dir='ltr'><strong>abduceretur,</strong></span> <span class='ocrx_word' id='word_1_279' title='bbox 595 3317 766 3370; x_wconf 85' lang='lat' dir='ltr'><strong>exsecratus</strong></span> <span class='ocrx_word' id='word_1_280' title='bbox 787 3309 816 3368; x_wconf 89' lang='lat' dir='ltr'><strong>in</strong></span> <span class='ocrx_word' id='word_1_281' title='bbox 836 3307 958 3369; x_wconf 88' lang='lat' dir='ltr'><strong>consule</strong></span> <span class='ocrx_word' id='word_1_282' title='bbox 981 3305 1111 3368; x_wconf 88' lang='lat' dir='ltr'><strong>Romano</strong></span> 
     </span>
     <span class='ocr_line' id='line_1_38' title="bbox 65 3389 1110 3473; baseline -0.003 -18"><span class='ocrx_word' id='word_1_283' title='bbox 65 3395 286 3473; x_wconf 85' lang='lat' dir='ltr'><strong>captivitatem,</strong></span> <span class='ocrx_word' id='word_1_284' title='bbox 300 3396 396 3471; x_wconf 80' lang='lat' dir='ltr'><strong>virga,</strong></span> <span class='ocrx_word' id='word_1_285' title='bbox 412 3392 516 3472; x_wconf 81' lang='lat' dir='ltr'><strong>quaed</strong></span> <span class='ocrx_word' id='word_1_286' title='bbox 531 3408 637 3471; x_wconf 86' lang='lat' dir='ltr'><strong>equum</strong></span> <span class='ocrx_word' id='word_1_287' title='bbox 650 3392 810 3468; x_wconf 76' lang='lat' dir='ltr'><strong>regendum</strong></span> <span class='ocrx_word' id='word_1_288' title='bbox 821 3400 884 3453; x_wconf 88' lang='lat' dir='ltr'><strong>erat</strong></span> <span class='ocrx_word' id='word_1_289' title='bbox 897 3409 977 3468; x_wconf 91' lang='lat' dir='ltr'><strong>usus,</strong></span> <span class='ocrx_word' id='word_1_290' title='bbox 995 3389 1110 3468; x_wconf 85' lang='lat' dir='ltr'><strong>Thraci,</strong></span> 
     </span>
     <span class='ocr_line' id='line_1_39' title="bbox 65 3475 1113 3558; baseline -0.002 -18"><span class='ocrx_word' id='word_1_291' title='bbox 65 3494 171 3558; x_wconf 80' lang='lat' dir='ltr'><strong>aquo</strong></span> <span class='ocrx_word' id='word_1_292' title='bbox 201 3477 372 3555; x_wconf 87' lang='lat' dir='ltr'><strong>tenebatur,</strong></span> <span class='ocrx_word' id='word_1_293' title='bbox 400 3476 517 3538; x_wconf 91' lang='lat' dir='ltr'><strong>oculum</strong></span> <span class='ocrx_word' id='word_1_294' title='bbox 542 3477 636 3553; x_wconf 86' lang='lat' dir='ltr'><strong>cruit,</strong></span> <span class='ocrx_word' id='word_1_295' title='bbox 664 3485 752 3556; x_wconf 86' lang='lat' dir='ltr'><strong>atque</strong></span> <span class='ocrx_word' id='word_1_296' title='bbox 780 3475 817 3538; x_wconf 86' lang='lat' dir='ltr'><strong>ab</strong></span> <span class='ocrx_word' id='word_1_297' title='bbox 844 3493 881 3538; x_wconf 92' lang='lat' dir='ltr'><strong>eo</strong></span> <span class='ocrx_word' id='word_1_298' title='bbox 903 3494 957 3556; x_wconf 86' lang='lat' dir='ltr'><strong>per</strong></span> <span class='ocrx_word' id='word_1_299' title='bbox 979 3475 1113 3539; x_wconf 89' lang='lat' dir='ltr'><strong>dolorem</strong></span> 
     </span>
    </p>
   </div>
   <div class='ocr_carea' id='block_1_7' title="bbox 0 0 1242 3909">
    <p class='ocr_par' dir='ltr' id='par_1_13' title="bbox 0 0 1242 3909">
     <span class='ocr_line' id='line_1_40' title="bbox 0 0 1242 3909; baseline 0 0"><span class='ocrx_word' id='word_1_300' title='bbox 0 0 1242 3909; x_wconf 95' lang='lat' dir='ltr'><strong> </strong></span> 
     </span>
    </p>
   </div>
  </div>
 </body>
</html>
