2475 3909
197 235 247 282 na
269 233 388 315 aquam
409 233 584 283 nucnrnus
603 235 714 284 unsre*
732 235 852 286 consu
875 237 991 286 urnas.
1053 225 1113 287 107

61 391 299 454 centenariarum
328 399 358 449 et
378 398 554 449 ‘ceterorum
580 389 782 470 modulorum,
805 409 861 472 per
883 407 957 472 quos
978 409 1113 455 mensura

62 477 225 538 constituta
240 483 303 551 est,
326 474 529 552 proferamus,
553 482 583 533 et
594 473 740 555 indicare,
764 493 838 554 quae
854 478 891 537 sit
904 493 1004 537 eorum
1016 477 1112 554 origo,

62 577 141 641 quae
159 561 260 634 vires,
287 567 318 618 et
341 558 410 636 quid
432 574 567 636 quaeqae
587 557 749 636 adpellatio
764 561 924 638 significet,
947 562 1113 640 proposita·

62 663 124 724 que
154 642 275 720 regula,
308 642 345 702 ad
378 658 463 720 quam
492 643 567 701 ratio
595 658 697 702 eorum
726 650 757 703 et
783 645 893 705 initium
918 653 1112 723 computatur,

63 727 245 803 ostendere,
269 744 326 805 qua
340 727 454 786 ratione
476 723 671 805 discrepantia
685 728 845 789 invenerim
866 738 896 789 et
917 746 1002 807 quam
1017 744 1113 789 emen·

64 812 156 874 dandi
176 811 253 870 mam
275 811 329 868 sim
350 819 480 869 secutus.

154 893 206 954 24.
250 893 400 971 Aquarum
420 892 531 953 moduli
545 901 594 952 aut
612 893 649 954 ad
671 893 824 972 digitorum
840 903 889 956 aut
909 895 945 955 ad
967 895 1113 955 unciarum

64 995 233 1040 mensuram
254 978 375 1036 instituti
406 986 481 1038 sunt.
526 975 616 1053 Digiti
635 978 664 1037 in
687 975 842 1058 Campania
865 989 895 1040 et
916 982 944 1039 in
962 980 1113 1059 plerisque

65 1064 172 1126 ltaliae
199 1061 292 1137 locis,
319 1061 424 1121 unciae
446 1063 475 1119 in
499 1061 691 1139 popularibus
712 1063 873 1124 rationibus
895 1063 990 1124 adbuc
1010 1064 1113 1124 obser·

64 1157 180 1208 vantur.
224 1143 279 1205 Est
296 1154 391 1205 autem
407 1144 532 1223 digitus,
548 1153 579 1203 ut
592 1147 743 1225 convenit,
764 1148 963 1208 sextadecima
977 1165 1046 1227 pars
1060 1165 1113 1228 pe·

66 1233 131 1307 dis,
159 1231 246 1290 uncia
271 1228 454 1290 duodecima.
499 1226 747 1300 Quemadmodum
777 1241 871 1292 autem
899 1232 974 1292 iuter
1000 1234 1113 1292 unciam

67 1325 103 1376 et
126 1315 246 1391 digitum
269 1313 444 1391 diversitas,
472 1313 511 1372 ita
532 1321 561 1371 et
582 1313 675 1392 ipsius
698 1313 778 1390 digiti
800 1315 926 1393 simplex
944 1314 1112 1376 observatio

66 1416 132 1459 non
154 1406 207 1458 est.
250 1395 333 1457 Alius
348 1406 473 1457 vocatur
494 1397 663 1476 quadratus,
688 1395 762 1456 alius
785 1397 936 1456 rotundus.
982 1396 1112 1471 Quadra·

66 1494 117 1544 tus
139 1481 231 1542 tribus
254 1481 489 1560 quartisdecimie
510 1482 571 1540 suis
590 1480 716 1540 rotundo
737 1482 843 1549 maior;
860 1481 999 1542 rotundus
1020 1480 1113 1541 tribus

66 1565 232 1627 undecimis
259 1568 320 1627 suis
350 1566 492 1644 quadrato
519 1565 614 1624 minor
635 1573 696 1640 est,
717 1565 833 1626 scilicet
856 1565 923 1643 quia
945 1565 1043 1640 anguli
1063 1565 1112 1626 de·

67 1660 214 1712 teruntur.
260 1650 345 1730 (25.)
363 1651 470 1710 Postea
487 1647 639 1726 modulus,
655 1667 712 1708 nec
733 1648 769 1710 ab
789 1651 874 1709 uncia
895 1665 951 1708 nec
970 1648 1006 1708 ab
1025 1647 1112 1708 alter·

69 1745 136 1796 utro
165 1735 322 1812 digitorum
349 1736 492 1811 originem
511 1733 678 1812 accipiens,
702 1733 851 1804 inductus,
873 1741 904 1792 ut
926 1733 1039 1811 quidam
1060 1748 1112 1811 pu·

68 1829 146 1896 tant,
166 1818 204 1878 ab
226 1817 376 1897 Agrippa,
403 1827 434 1877 ut
456 1818 518 1894 alii,
542 1835 559 1876 a
577 1817 746 1896 plumbariis
766 1836 821 1897 per
841 1816 1002 1877 Vitruvium
1020 1816 1112 1876 archi·

67 1912 195 1978 tectum,
224 1903 254 1962 in
281 1920 365 1962 usum
390 1902 472 1962 urbis
500 1901 631 1960 exclusis
657 1902 805 1980 prioribus
826 1902 920 1977 venit,
950 1899 1113 1979 adpellatue

69 1988 203 2067 quinario
213 1987 346 2046 nomine:
369 1989 418 2064 qui
430 1993 526 2046 autem
537 1984 697 2065 Agrippam
709 1995 858 2046 auctorem
870 1986 988 2062 iaciunt,
1004 1985 1113 2060 dicunt,

70 2073 149 2150 quod
177 2072 304 2151 quinque
324 2072 433 2150 antiqui
454 2069 562 2130 moduli
584 2070 680 2130 exiles
702 2079 732 2130 et
751 2071 843 2130 veluti
866 2079 988 2149 puncta,
1010 2069 1113 2148 quibus

45 2157 140 2226 ¹olim
159 2173 251 2234 aqua,
273 2174 339 2215 cum
362 2157 469 2232 exigua
492 2163 589 2230 esset,
613 2152 811 2228 dividebatur,
834 2154 862 2212 in
884 2171 969 2213 unam
991 2153 1115 2214 fistulam

71 2241 168 2302 coacti
186 2248 266 2308 sunt;
290 2241 338 2318 qui
349 2238 512 2300 Vitruvium
531 2246 562 2298 ct
577 2237 774 2318 plumbarios,
796 2234 833 2297 ab
855 2252 908 2312 eo,
932 2236 1113 2315 quodplum·

68 2324 126 2385 bea
146 2324 254 2383 lamina
273 2323 379 2402 plana,
401 2324 529 2401 quinque
548 2321 704 2400 digitorum
719 2320 897 2382 latitudinem
913 2318 1035 2396 babens,
1059 2320 1113 2378 cir·

72 2416 206 2469 cumacta
225 2409 254 2466 in
275 2408 445 2483 rotundum,
475 2407 553 2466 bunc
580 2406 693 2466 listulas
720 2404 866 2466 modulum
891 2403 1010 2465 efficiar.
1054 2401 1114 2463 Sed

68 2494 127 2553 lroc
145 2491 290 2551 incertum
305 2501 364 2560 est;
387 2492 540 2570 qnoniam,
561 2509 626 2550 cum
641 2491 861 2568 circumagitur,
882 2491 957 2550 sicut
972 2489 1113 2548 interiore

67 2585 154 2655 parte
178 2574 354 2652 adtrahitur,
376 2576 416 2634 ita
437 2593 493 2653 per
508 2575 604 2651 illam,
631 2593 707 2654 quae
727 2575 807 2636 loras
830 2583 960 2653 spectat,
983 2572 1113 2634 extendi·

67 2671 124 2720 tur.
172 2657 297 2718 Maxime
327 2657 482 2737 probabile
514 2667 578 2734 est,
607 2661 766 2739 quinariam
794 2659 899 2720 dictam
929 2677 945 2720 a
973 2659 1113 2718 diametro

68 2745 201 2822 quinque
221 2743 426 2821 quadrantum;
454 2759 530 2822 quae
552 2743 627 2802 ratio
649 2744 677 2800 in
703 2742 893 2821 sequentibus
914 2759 1031 2821 quoque
1053 2757 1114 2802 mo·

68 2827 146 2887 dulis
168 2844 264 2905 usque
281 2826 317 2886 ad
333 2828 508 2886 vicenariam
525 2827 626 2900 durat,
646 2825 786 2884 diametro
798 2843 852 2902 per
868 2826 999 2901 singulos
1017 2827 1114 2886 adiec-

67 2913 151 2972 tione
173 2911 351 2987 siugulorum
374 2909 563 2988 quadrantum
584 2915 756 2968 crescente:
782 2909 863 2966 utin
884 2909 1014 2984 senaria,
1038 2925 1115 2986 quae

68 3014 125 3055 sex
143 2995 261 3054 scilicet
278 2995 454 3073 quadrantes
474 2996 503 3053 in
515 2994 656 3053 diametro
674 2991 777 3067 habet,
799 3000 828 3050 et
844 2992 1027 3070 septenaria,
1040 3006 1115 3068 quae

70 3087 205 3158 septem,
228 3088 259 3138 et
279 3079 422 3156 deinceps
448 3077 533 3136 simili
554 3078 734 3136 incremento
754 3093 847 3154 usque
871 3075 907 3134 ad
928 3074 1113 3133 vicenariam.

157 3161 211 3223 26.
248 3161 347 3221 Omnis
373 3171 468 3222 autem
494 3160 629 3221 modulus
656 3160 805 3238 colligitur
833 3168 882 3220 aut
903 3158 1043 3219 diametro
1067 3165 1115 3218 aut

69 3245 232 3324 perimetro
259 3255 307 3306 aut
332 3263 422 3306 areae
443 3263 592 3314 mensura;
623 3245 783 3324 exquibus
805 3253 835 3303 et
856 3243 1005 3322 capacitas
1027 3241 1114 3320 adpa-

67 3339 126 3389 ret.
173 3329 374 3389 Differentiam
395 3331 516 3406 unciae,
540 3329 622 3406 digiti
645 3329 778 3407 quadrati
797 3336 827 3388 et
850 3328 931 3405 digiti
952 3326 1067 3386 rotundi
1085 3335 1115 3386 et

68 3413 163 3492 ipsius
187 3414 336 3491 quinariae
358 3421 390 3472 ut
411 3413 527 3473 facilius
548 3413 743 3488 dinoscamus,
766 3411 903 3472 utendum
919 3421 964 3472 est
980 3411 1113 3473 substan·

69 3500 109 3559 tia
127 3498 297 3577 quinariae,
318 3497 368 3574 qni
387 3496 521 3556 modulus
541 3505 573 3580 et
587 3497 767 3556 certissimus
787 3505 818 3555 ct
834 3497 959 3558 maxime
975 3505 1115 3576 receptus
