2475 3909
191 223 535 276 commoneremus
552 225 625 276 mn.
640 225 693 276 111.
716 224 794 278 cae.
817 225 995 278 xrs-xvi.
1072 215 1113 278 ⁷5

153 380 186 442 6.
231 378 433 456 Thrasybulus
459 379 519 442 dux
536 377 736 458 blilesiorum,
763 399 828 442 curn
849 380 940 460 longa
960 380 1115 444 obsidione

61 464 178 526 milites
200 465 246 525 sui
267 473 446 542 augerentur
469 463 507 526 ab
527 463 667 542 Alyatte,
694 466 743 545 qni
766 463 906 544 sperabat
928 482 982 527 eos
1004 465 1042 528 aul
1064 466 1115 529 ulc-

60 549 209 610 ditionem
237 548 314 608 lame
343 565 436 627 posse
465 548 623 628 compelli,
655 547 709 609 sub
732 549 885 610 adventurn
905 548 1032 626 Alyattir
1056 547 1116 610 lun·

61 641 198 693 mentum
219 649 305 692 omne
324 632 353 692 iu
374 631 471 692 lorum
492 633 671 712 comportari
688 633 788 711 iussit,
810 641 840 694 et
855 633 998 694 conviviis
1018 632 1073 694 sub
1087 633 1116 695 id

63 726 187 797 tempus
208 715 344 776 institutis
360 734 417 796 per
435 724 525 778 totam
546 715 649 777 urbem
665 717 769 796 epulas
792 717 953 796 praestitit3
975 725 1062 796 atque
1077 717 1117 778 tta

63 800 220 880 persuasit
241 799 319 860 hosti
340 817 502 880 superesse
522 801 726 881 ipsiscopias,
750 800 855 882 quibus
869 801 1031 864 diuturnam
1051 818 1115 862 sus·

63 885 199 946 linerent
219 882 414 946 obsidionem.

464 1046 614 1111 CAPUT
633 1047 726 1114 xvl.

157 1180 230 1241 Qua
261 1177 417 1230 RATIONE
444 1178 705 1229 Pnonmomnus
736 1181 783 1232 nt·
813 1183 1030 1236 cnemsrools

474 1263 717 1314 oecononum.

161 1387 190 1446 1.
233 1383 372 1447 Claudius
392 1383 568 1461 Marcellus,
598 1385 718 1462 cognito
740 1383 865 1445 consilio
886 1384 979 1446 Bantii
999 1385 1116 1464 Nolani,

65 1471 122 1550 qui
148 1486 338 1548 corrumpere
360 1468 397 1531 od
417 1468 615 1529 delectionem
634 1467 793 1548 populares
809 1466 944 1530 studebat
965 1477 996 1530 et
1012 1469 1116 1532 llanni·

64 1555 132 1615 bali
154 1553 392 1632 gratificabatur,
421 1552 500 1632 quod
528 1553 606 1613 illius
633 1551 779 1614 beneficio
807 1561 923 1612 curatus
943 1554 1021 1614 iuter
1043 1553 1117 1616 Gan·

66 1657 183 1699 nenses
207 1639 323 1699 saucius
341 1646 425 1698 etex
447 1637 616 1715 captivitate
638 1637 778 1698 remissus
800 1636 837 1698 ad
859 1653 930 1698 suos
953 1645 1026 1715 erat,
1050 1639 1117 1717 qula

67 1722 243 1784 interlicere
265 1739 348 1798 eum,
374 1739 412 1782 ne
439 1721 586 1801 supplicio
607 1722 671 1782 eius
691 1721 822 1800 reliquos
845 1721 1007 1782 concitaret
1028 1720 1117 1784 Nola·

67 1825 144 1884 nos,
175 1822 234 1866 non
255 1804 398 1882 audebat,
427 1807 602 1866 arcessitum
629 1805 665 1866 ad
693 1823 726 1866 se
749 1805 905 1867 adlocutus
932 1814 980 1866 ert
1004 1805 1117 1882 (licens,

69 1891 263 1953 fortissimum
287 1907 353 1950 ennr
369 1891 490 1952 militem
508 1907 595 1966 esse,
618 1890 697 1970 quod
718 1899 804 1952 autea
816 1889 999 1968 ignorasset,
1020 1890 1118 1952 horta·

69 1984 180 2055 tueque
197 1982 259 2051 est,
277 1982 308 2033 ut
328 1993 429 2035 secum
448 1983 627 2051 moraretur,
651 1985 680 2035 et
695 1993 785 2054 super
799 1973 957 2036 verborum
975 1973 1117 2036 honorem

71 2075 153 2138 equo
172 2075 290 2138 quoque
305 2057 438 2118 donarit:
463 2075 520 2137 qua
539 2057 720 2134 benignitate
736 2075 794 2118 non
814 2057 893 2118 illios
908 2067 1015 2119 tantuna
1031 2059 1117 2120 iidem

71 2143 128 2205 seul
149 2144 238 2204 etiam
260 2142 462 2220 popularium,
480 2142 530 2220 qni
551 2159 591 2201 ex
611 2141 662 2202 illo
679 2139 866 2220 pendebant,
888 2140 943 2201 sibi
965 2142 1116 2221 obligavit.

161 2225 192 2286 2.
228 2224 375 2286 Hamilcar
395 2226 454 2287 dux
474 2225 658 2300 Poenomm,
683 2241 747 2285 cum
768 2224 940 2302 frequenter
961 2228 1119 2287 auxiliares

72 2310 151 2372 Galli
173 2310 211 2371 aul
228 2308 377 2370 Romanos
398 2310 555 2370 transirent
576 2317 606 2369 et
627 2309 682 2368 iam
702 2325 740 2368 ex
760 2305 971 2368 consuetudine
993 2318 1023 2369 nt
1044 2310 1118 2369 socii

73 2395 298 2473 exciperentur,
318 2391 374 2453 sibi
387 2393 575 2454 fidelissimos
589 2392 759 2453 subornavit
774 2390 811 2452 ad
823 2389 1012 2453 simulandam
1026 2401 1118 2453 trans·

72 2481 213 2553 itionem,
238 2478 286 2556 qui
307 2476 456 2538 Romanos
484 2477 724 2556 excipiendarum
749 2493 850 2538 eorum
871 2493 959 2538 causa
978 2493 1118 2556 progres-

73 2580 126 2624 sos
143 2562 325 2623 ceciderunt.
369 2559 454 2635 Quae
468 2561 600 2622 sollertia
615 2560 770 2622 Hamilcari
784 2579 842 2622 non
857 2569 965 2622 tautum
981 2561 1018 2624 ad
1034 2579 1119 2642 prae·

73 2655 190 2708 sentem
205 2645 314 2725 proluit
332 2663 519 2720 successura,
540 2644 595 2706 seul
615 2646 644 2706 in
660 2654 810 2724 posterum
829 2647 991 2725 praestitit,
1013 2656 1044 2709 ut
1060 2646 1120 2708 llo·

71 2728 883 2893 mau1⁸3perfiapppqucentfflffiffiepplsprspsspoin
908 2813 1025 2889 Sicilia,
1056 2831 1121 2874 cum

75 2898 274 2978 comperisset
295 2897 442 2959 Gallorum
468 2897 717 2959 mercenariorum
746 2895 863 2955 circiter
890 2904 1026 2972 quattuor
1043 2898 1121 2956 milia

75 2977 1122 3128 litigii,‘illicitiillitisllllllllzlr

74 3167 136 3212 nou
149 3150 273 3212 auderet
289 3160 369 3212 metu
380 3082 552 3226 seditionls,
567 3109 701 3228 promisit
717 3145 889 3228 prolationis
903 3144 1035 3206 iniurium
1049 3138 1122 3205 libe·

75 3234 195 3297 rulitate
217 3253 252 3296 se
274 3245 475 3314 pensaturum:
499 3250 558 3312 quo
579 3233 695 3294 nomino
718 3231 828 3310 gratias
846 3228 1000 3307 agentibus
1019 3228 1121 3307 Gallis,

75 3336 133 3398 per
151 3328 269 3398 tempus
295 3319 433 3379 idoneum
459 3317 556 3378 dilatis
577 3316 717 3396 pollicitis
745 3314 943 3376 fidelissimum
970 3314 1122 3395 dispensa·

74 3412 172 3463 torem
191 3402 229 3464 ad
246 3401 401 3464 Otacilium
421 3400 571 3462 consulem
591 3399 685 3473 misit,
709 3399 776 3478 qui,
798 3407 942 3478 tamquam
963 3399 1122 3461 rationibus

75 3486 250 3550 interversis
281 3486 506 3566 transfugisset,
532 3484 671 3546 nuntiavit
698 3491 787 3544 nocte
813 3484 945 3565 proxima
973 3482 1123 3548 Gallorum
