2475 3909
193 216 241 263 nn
265 213 385 276 sonan
404 213 578 264 nuosusus
601 215 704 266 nasus
724 215 846 268 nouus
866 216 982 266 nunus.
1050 205 1109 268 105

61 374 176 433 lormas
197 385 318 449 qnoque
339 369 475 430 ductuum
502 369 604 430 lacere
627 371 807 447 curavimus,
837 389 876 432 ex
896 371 1001 451 quibus
1023 371 1110 453 adpa-

61 464 126 531 ret,
146 455 198 515 ubi
211 455 309 516 valles
326 462 527 532 quantaeque,
548 453 597 514 nbi
608 455 724 516 llnmina
739 455 948 532 traicerentur,
967 456 1016 517 uhi
1031 475 1110 518 mon·

62 542 134 606 tium
162 538 304 600 lateribus
332 555 442 614 specus
468 538 626 616 adplicitae
648 541 787 602 maiorem
812 540 1020 619 adsiduamqne
1043 559 1110 620 pro·

62 622 187 702 tegendi
197 621 401 698 muniendique
415 624 535 700 exigant
545 641 655 683 curam.
688 623 761 684 Hinc
777 624 826 684 illa
838 626 979 702 contingit
990 625 1111 700 utilitas,

62 719 95 769 ut
123 725 187 767 rem
209 707 305 768 statim
325 707 415 767 veluti
442 706 472 765 in
499 715 661 785 conspectu
683 706 795 768 habere
818 710 964 786 possimus
987 719 1018 770 et
1039 709 1111 770 deli·

63 793 173 852 berane
194 800 338 869 nmquam
359 790 546 851 adsistentes.

155 874 204 936 18.
249 874 357 934 Omnes
385 891 480 952 aquae
508 875 625 934 diversa
656 874 683 933 in
705 872 807 936 urbem
829 875 903 936 libra
926 877 1108 956 perueniunt.

62 958 137 1020 lude
164 958 253 1019 duunt
280 957 422 1035 quaedam
449 958 602 1018 altioribus
630 959 725 1028 locis:
756 969 786 1020 et
814 962 955 1039 quaedam
983 962 1056 1038 erigi
1082 963 1110 1021 in

65 1044 259 1104 eminentiora
277 1059 337 1100 nou
355 1051 491 1120 possunt;
514 1060 580 1102 nam
596 1061 673 1103 nunc
695 1043 793 1121 colles
813 1047 861 1124 qui
881 1055 965 1122 sunt,
988 1054 1111 1125 propter

64 1129 260 1208 frequentiam
281 1126 479 1187 incendiorum
500 1136 696 1187 excreverunt
718 1128 833 1190 rudere.
878 1129 1013 1208 Quinque
1034 1139 1110 1204 sunt,

64 1229 188 1290 quarum
201 1210 322 1287 altitudo
344 1211 374 1269 in
390 1227 504 1271 omnem
519 1220 632 1289 partem
650 1211 731 1272 urbis
750 1212 905 1274 attollitur:
927 1214 981 1275 sed
1004 1233 1043 1274 ex
1064 1215 1110 1274 his

64 1296 147 1356 aliae
169 1295 287 1370 maiori,
308 1295 384 1356 uliae
407 1295 512 1354 leviori
529 1313 668 1374 pressura
685 1305 838 1370 coguntur.
883 1297 1050 1356 Altissimus
1066 1307 1111 1358 est

64 1379 149 1438 Anio
175 1377 292 1454 Novus,
320 1379 452 1457 proxima
480 1377 618 1455 Claudia,
647 1379 763 1438 tertium
794 1379 890 1439 locum
919 1388 999 1439 tenet
1026 1378 1111 1455 Iulia,

66 1471 203 1541 quartum
222 1461 351 1542 Tepula,
374 1463 480 1523 dehinc
496 1463 624 1540 Marcia,
645 1479 720 1541 qnae
744 1463 841 1542 cupite
863 1463 949 1522 etiam
971 1460 1111 1528 Claudiae

64 1545 171 1606 libram
194 1556 310 1624 aequat.
354 1548 415 1608 Sed
436 1557 555 1607 veteres
570 1547 725 1608 humiliore
741 1547 887 1606 directura
902 1547 1111 1626 perduxerunt,

64 1631 130 1692 sive
151 1630 278 1706 nondum
296 1631 334 1691 cd
354 1631 462 1692 subtile
483 1632 639 1711 explorata
660 1640 723 1693 arte
745 1631 885 1706 librandi,
909 1649 962 1690 seu
977 1632 1051 1708 ,quia
1073 1650 1112 1691 ex

64 1715 206 1775 industria
228 1714 302 1775 inira
330 1723 438 1776 terram
459 1733 550 1793 aquas
572 1714 761 1792 mergebant,
789 1733 827 1774 ne
853 1715 941 1775 facile
963 1713 999 1784 ab
1021 1713 1112 1774 bosti-

65 1799 122 1858 bns
136 1799 398 1877 interciperentur,
421 1817 486 1860 cnm
500 1800 664 1878 frequentia
679 1801 773 1862 adhuc
789 1808 890 1862 contra
902 1798 1019 1865 Italicos
1033 1797 1111 1858 bello

64 1891 252 1960 gererentur.
295 1882 355 1943 lam
381 1893 478 1944 tamen
504 1883 674 1963 quibusdam
700 1885 794 1961 locis,
819 1884 914 1945 sicubi
935 1883 1039 1944 ductus
1060 1901 1111 1942 ve·

65 1976 174 2027 tustate
196 1967 326 2045 dilapsus
345 1977 408 2043 est,
425 1967 534 2028 omisso
551 1969 672 2028 circuitu
691 1969 882 2030 subterraneo
897 1967 1025 2044 vallium,
1044 1967 1111 2027 bre·

64 2051 164 2112 vitatis
193 2067 301 2126 causa,
330 2051 594 2112 substructionibus
625 2053 898 2131 arcuationibusque
931 2054 1110 2127 traiciuntur.

66 2136 189 2194 Sextum
212 2143 292 2194 tenet
315 2135 409 2196 librae
429 2135 528 2196 locum
548 2135 625 2197 Anio
646 2135 756 2210 Vetus,
784 2138 914 2196 similiter
936 2137 1112 2214 sullepturus

66 2219 155 2279 etiam
176 2218 329 2279 altioribus
349 2220 425 2279 locis
443 2219 544 2296 urbis,
567 2221 608 2295 si,
631 2218 680 2278 ubi
706 2219 824 2278 vallium
846 2220 1111 2296 submissurumque

65 2303 221 2380 regionum
250 2304 516 2381 conditioexigit,
545 2302 810 2364 substructionibus
836 2302 1111 2380 arcuationibusquo

64 2387 113 2446 vel
137 2387 253 2447 erismis
276 2390 450 2465 erigeretur.
496 2389 634 2466 Sequitur
654 2388 737 2449 huius
753 2388 855 2448 libram
872 2387 984 2464 Virgo,
1007 2385 1112 2446 deinde

63 2471 178 2550 Appia;
200 2489 357 2550 quaecum
378 2491 418 2532 ex
433 2471 544 2533 urbano
559 2488 632 2550 agro
654 2474 903 2550 perducerentur,
928 2489 986 2531 non
1008 2471 1036 2530 in
1051 2479 1111 2530 tau·

63 2565 124 2615 tuna
146 2555 306 2617 altitudinis
335 2557 410 2633 erigi
432 2566 600 2634 potuerunt.
646 2556 785 2618 Omnibus
813 2557 949 2619 humilior
969 2555 1112 2617 Alsietina

64 2649 129 2716 est,
158 2655 235 2717 qnae
262 2639 497 2702 Transtiberinae
523 2643 639 2718 regioni
661 2652 691 2703 et
711 2643 834 2704 maxime
855 2642 1018 2704 iacentibus
1036 2641 1113 2702 locis

63 2725 171 2784 servit.

155 2807 205 2869 19.
249 2807 296 2868 Ex
322 2808 367 2868 lais
395 2827 449 2869 sex
475 2810 522 2870 vin
544 2808 662 2884 Latina,
683 2810 757 2868 intra
779 2822 829 2867 vn
850 2808 1019 2884 miliarium,
1043 2825 1112 2868 oon·

63 2891 155 2952 tectis
170 2893 291 2971 piscinis
306 2895 508 2972 excipiuntur,
525 2892 574 2953 ubi
593 2893 677 2971 qnasi
695 2892 860 2968 respirante
879 2892 1007 2950 rivorum
1027 2909 1113 2948 cursu

64 2976 165 3036 limum
187 2975 347 3054 deponunt.
391 2975 495 3037 Modus
516 2994 634 3057 quoque
658 2993 757 3034 earum
771 2973 913 3032 mensuris
930 2973 1037 3032 ibidem
1060 2988 1113 3048 po·

64 3061 129 3119 sitis
160 3061 255 3120 initur.
299 3061 429 3121 Unantur
450 3061 518 3122 inde
539 3059 629 3136 lulla,
660 3058 777 3120 blarcla'
792 3066 822 3117 et
842 3056 970 3135 Tepula;
994 3071 1113 3132 quarum

65 3143 198 3222 Tepula,
227 3162 302 3224 quae
332 3147 514 3224 intercepta,
543 3145 618 3211 sicut
640 3161 728 3223 supra
751 3142 1026 3213 demonstravimus,
1050 3140 1114 3198 rivo

65 3226 159 3288 Iuliae
182 3238 369 3306 accesserat,
393 3247 468 3290 nunc
491 3229 639 3308 apiscina
662 3228 794 3288 eiusdem
816 3226 908 3287 lullae
929 3223 1045 3284 modum
1065 3239 1113 3282 ac·

65 3313 140 3391 cipit
162 3331 198 3373 ao
212 3315 340 3393 proprio
357 3314 451 3374 canali
467 3322 497 3372 et
515 3312 631 3372 nomine
653 3313 741 3371 venit.
786 3309 849 3372 llae
870 3319 933 3370 tres
954 3327 971 3370 a
994 3306 1114 3388 piscinis

63 3398 94 3455 in
118 3397 242 3458 cosdem
263 3416 350 3458 arcus
374 3398 564 3475 recipiuntur.
609 3397 743 3456 Summus
765 3395 793 3455 in
812 3395 857 3456 his
880 3403 927 3454 est
947 3392 1049 3470 lullae,
1072 3393 1113 3453 in·

63 3481 158 3542 lerior
179 3482 331 3560 Tepulae;
359 3482 466 3542 deinde
493 3480 614 3545 llarcia.
660 3479 743 3553 Quae
768 3479 805 3540 ad
831 3479 934 3540 libram
957 3479 1043 3540 collis
1063 3477 1113 3535 Vi-
