2475 3909
120 194 160 255 24
449 204 524 253 anx.
548 204 638 253 1uc11
659 203 832 253 osonum

116 362 249 424 fiduciam
270 376 388 421 suorum
404 358 550 437 religione
568 358 760 421 adiuvandam
779 367 877 435 ratus,
901 376 997 435 arma,
1019 377 1098 438 quae
1120 378 1171 421 or-

117 446 259 507 namentis
287 444 418 505 adfixa
410 462 439 503 ιιι
461 444 578 523 templis
600 452 699 520 erant,
726 451 816 503 nocte
838 442 983 504 subtraxit
1004 448 1171 523 persuasit·

117 548 173 609 que
200 528 356 606 militibus,
384 528 468 601 Deos
490 530 547 589 iter
569 546 652 587 suum
676 529 778 607 sequi,
800 536 833 588 nt
854 528 1102 607 proeliantibus
1092 531 1169 608 ipsis

116 613 264 675 adessent.

203 698 252 757 17.
298 694 456 773 Agesilaus
477 695 744 772 Lacedaemonius,
766 713 831 755 cum
853 696 994 775 quosdam
1008 696 1171 757 Persarum

117 782 264 861 cepisset,
296 797 418 859 quornm
448 779 564 839 habitus
588 779 707 840 multum
728 781 851 840 terroris
874 780 1007 860 praefert
1027 783 1169 860 quotiens

115 874 201 926 veste
214 866 332 941 tegitur,
355 863 478 923 nudatos
500 863 639 924 militibus
661 865 721 925 suis
740 865 885 942 ostendit,
909 873 941 925 ut
954 864 1020 925 alba
1035 882 1167 945 corpora

119 958 150 1009 et
169 948 329 1009 umbratica
353 956 582 1008 contemnerent.

205 1032 255 1093 18.
300 1030 373 1092 Gelo
393 1032 644 1107 Syracusanorum
665 1041 815 1108 tyrannm,
837 1031 919 1091 bello
931 1032 1074 1093 aduersus
1089 1032 1165 1093 Poe·

117 1132 171 1177 nos
201 1124 341 1195 suscepto
371 1134 435 1175 cum
464 1116 570 1176 multos
594 1117 743 1195 cepisset,
772 1116 995 1177 infirmissimum
1017 1134 1166 1195 quemque

115 1202 278 1281 praecipue
300 1218 338 1261 ex
359 1200 562 1276 auxiliaribus,
596 1202 646 1279 qui
671 1202 821 1277 nigerrimi
842 1210 943 1277 erant,
975 1200 1110 1261 nudatum
1137 1202 1166 1260 in

117 1294 306 1365 conspectum
329 1302 445 1345 suornm
469 1284 624 1364 produxit,
654 1293 687 1344 nt
708 1285 902 1364 persuaderet
924 1286 1164 1345 contemnendos.

204 1368 251 1431 19.
297 1367 391 1444 Cyrus
411 1386 465 1429 rex
485 1369 652 1445 Persarum,
673 1378 705 1429 nt
726 1370 887 1429 concitaret
908 1370 1021 1429 animos
1039 1370 1163 1448 papula·

116 1454 199 1529 rium,
222 1460 283 1511 tota
306 1453 352 1513 die
374 1454 403 1512 in
422 1453 584 1514 excidenda
601 1454 724 1531 quadam
738 1454 1037 1531 silvaeoslatigarit;
1057 1453 1164 1515 deinde
1227 1491 1228 1516 ;

114 1537 258 1617 postridie
287 1538 432 1616 praestitit
461 1538 504 1597 eis
527 1536 750 1597 liberalissimas
774 1539 878 1617 epulas
907 1548 937 1598 et
958 1540 1162 1615 interrogavit,
1202 1552 1205 1555 ’

115 1630 181 1681 ntro
201 1621 293 1697 magis
314 1621 486 1697 gauderent.
523 1618 653 1698 Cumque
671 1621 698 1681 ei
715 1624 882 1699 praesentia
893 1621 1087 1701 probassent,
1109 1621 1161 1681 At·

116 1707 164 1784 qui
187 1723 241 1784 per
267 1705 360 1780 baec,
390 1706 499 1803 inquit,
523 1704 559 1764 ad
582 1705 633 1764 illa
653 1705 882 1783 perveniendum
902 1715 962 1775 est;
990 1725 1055 1766 nam
1076 1705 1163 1767 liberi
1227 1779 1228 1786 ἵ

115 1789 255 1867 beatique
277 1806 363 1863 esse,
386 1789 441 1847 nisi
462 1788 566 1848 lledos
588 1790 730 1864 viceritis,
753 1806 812 1849 non
834 1792 969 1886 potestis.
1003 1789 1102 1868 Atque
1123 1792 1161 1849 ita

116 1888 170 1933 eos
188 1873 224 1932 ad
242 1871 428 1949 cupiditatem
450 1872 556 1951 proelii
579 1873 744 1932 concitavit.

202 1953 440 2031 consulta,
466 1956 532 2034 quia
548 1956 689 2016 adversus
700 1956 888 2034 Archelaum,
911 1958 1092 2037 praelectum
1109 1957 1161 2017 llll-

115 2038 264 2114 thridatis,
287 2038 363 2118 apud
379 2039 499 2100 Piraeea
516 2040 695 2118 pigrioribus
717 2043 753 2101 ad
774 2042 917 2120 proelium
938 2042 1077 2102 militibus
1098 2050 1162 2101 ute·

115 2123 211 2199 batur,
234 2140 327 2202 opere
351 2141 404 2184 eos
420 2124 569 2203 fatigando
592 2126 732 2205 compulit
751 2126 788 2186 ad
811 2128 991 2205 poscendum
1010 2126 1087 2186 ultro
1109 2145 1162 2205 pu·

114 2227 191 2287 gnae
207 2208 329 2286 signum.

201 2294 252 2353 21.
297 2292 404 2353 Fabius
421 2292 562 2355 Maximus
579 2296 701 2370 veritus,
724 2311 833 2373 nequa
854 2293 960 2354 liducia
980 2295 1104 2368 navium,
1126 2292 1161 2352 ad

115 2395 187 2456 quas
209 2377 353 2453 refugium
375 2387 453 2453 erat,
476 2380 568 2437 minus
590 2387 759 2437 constanter
775 2386 920 2456 pugnaret
937 2379 1096 2454 exercitus,
1120 2379 1162 2437 in·

116 2461 202 2520 cendi
224 2478 291 2536 eas,
316 2461 483 2538 priusquam
503 2462 588 2521 iniret
609 2461 770 2540 proelium,
793 2462 886 2525 iussit.

510 2625 661 2691 CAPUT
686 2627 761 2689 Xll.

146 2754 194 2802 DE
209 2752 455 2803 DISSOLVENDO
472 2756 583 2822 METU,
607 2757 705 2816 QUEM
727 2759 870 2807 MILITES
888 2760 936 2807 EX
950 2759 1131 2809 contunsis

406 2840 650 2889 CONOEPERINT
684 2843 864 2891 OMINIBUS.

200 2963 227 3021 1.
273 2962 391 3041 Scipio,
421 2981 459 3023 ex
479 2962 562 3023 ltalia
586 2963 615 3021 in
637 2961 767 3023 Airicam
792 2973 990 3043 transportato
1014 2965 1159 3038 exercito,

113 3065 178 3107 cum
200 3046 357 3123 egrediens
378 3065 481 3108 navem
498 3046 657 3126 prolapsus
671 3056 753 3106 esset
773 3056 803 3107 ct
823 3049 860 3109 ob
880 3049 939 3108 hoc
950 3048 1097 3108 adtonitos
1109 3049 1160 3107 mi-

112 3132 180 3193 lites
203 3139 357 3208 cerneret,
388 3132 433 3207 id,
470 3130 549 3209 quod
569 3130 791 3208 trepidationem
813 3132 977 3209 adferebat,
998 3133 1160 3191 constantia

114 3224 143 3273 et
164 3215 360 3289 magnitudine
383 3216 468 3274 animi
487 3216 515 3273 in
537 3213 733 3274 hortationem
754 3219 900 3277 convertit
923 3226 963 3292 et,
982 3216 1098 3292 Ludite,
1119 3217 1160 3275 in·
1227 3247 1228 3252 1

113 3297 190 3372 quit,
215 3296 338 3371 milites,
362 3296 493 3358 Alricam
515 3296 662 3376 obpressi.

198 3376 227 3435 2.
273 3377 447 3455 C.,Gaesar
470 3400 534 3441 cum
556 3381 634 3441 iorte
647 3382 850 3442 conscendens
868 3401 972 3443 navem
994 3383 1096 3461 lapsus
1114 3401 1159 3443 ea·

49 3505 51 3509 .
113 3468 170 3535 set,
195 3458 295 3520 Teneo
317 3470 358 3538 te,
381 3426 460 3523 terrb
477 3473 578 3542 mater,
601 3466 701 3546 inquit.
748 3464 1067 3547 Quaiuterpretatione
1088 3468 1160 3527 ede·
