2475 3909
218 258 562 313 sanaruunuauroou
583 260 654 312 urs.
663 260 719 313 ιιι.
740 259 817 311 oua.
829 260 986 313 vr—-vru,
1082 248 1124 315 ot

161 418 194 482 4.
240 412 336 493 Cyrus
351 412 429 496 apud
445 414 614 494 Babylona,
637 433 714 496 quaa
734 414 829 477 media
844 414 960 477 dumiue
974 412 1124 498 Euphrate

73 498 278 578 diuidebatur,
300 500 410 561 lorsam
432 500 541 579 pariter
562 510 592 561 et
619 518 762 579 aggerem
781 501 917 576 instituit,
939 502 1021 561 utin
1040 519 1125 561 usum

74 586 143 646 eius
165 585 367 645 existimarent
395 582 497 644 hostes
526 586 609 663 egeri
631 594 754 645 terram:
784 593 872 663 atque
892 583 932 644 ita
953 583 1049 644 subito
1071 583 1122 647 llu-

72 670 155 729 miue
181 684 288 728 auerso
315 685 372 746 per
404 667 520 728 alveum
546 677 697 747 veterem,
726 666 776 747 qui
804 668 932 730 siooatus
959 668 1124 746 ingressum

75 750 259 832 praebebat,
286 751 390 811 urbem
410 751 535 813 intrarit

164 836 195 895 5.
244 834 423 919 [Semiramis
449 834 590 897 aduersus
617 833 813 913 Babylonios,
844 834 951 897 eodem
971 830 1125 917 Euphrate

76 935 205 996 auerso,
227 920 305 979 idem
326 918 437 981 leoisse
456 915 583 999 diuiturl.

164 1002 194 1063 6.
240 1001 407 1063 Clisthenes
437 1002 592 1078 Sicyonius
622 1001 738 1063 duotum
764 1018 904 1082 aquarum
927 1001 956 1061 in
985 1002 1125 1083 oppidum

75 1084 267 1148 Crisaeorum
281 1086 424 1147 ferentem
437 1088 530 1165 rupit;
548 1101 616 1146 mox
631 1087 754 1147 reieotis
768 1086 861 1162 tubis,
876 1086 1003 1147 restituit
1020 1104 1124 1167 aquam

74 1169 216 1233 elleboro
231 1180 407 1253 corruptam,
421 1188 478 1251 qua
488 1186 560 1232 usos
571 1170 836 1253 prodavioventris
847 1170 1021 1232 dedoieates
1032 1172 1123 1252 oepit.

469 1405 619 1469 CAPUT
641 1404 739 1467 vlll.

285 1538 334 1588 ou
354 1536 555 1589 rumorauuo
582 1534 744 1587 obsessas
764 1536 915 1587 savona.

168 1678 197 1737 1.
237 1673 407 1755 Philippus,
430 1692 496 1736 oum
505 1675 668 1753 t,urinarum
689 1674 845 1736 castellum
863 1676 943 1739 nulla
963 1677 994 1737 vi
1016 1694 1125 1757 oapere

74 1768 204 1840 posset,
233 1768 338 1821 terram
364 1768 431 1820 aute
455 1760 537 1840 ipsos
565 1775 665 1820 muros
692 1758 827 1837 adgessit
850 1761 1054 1840 simulavitque
1077 1762 1126 1839 agi

76 1844 263 1905 eunioulum:
292 1842 460 1923 oastellaai,
489 1844 556 1925 quia
577 1841 716 1903 subrutos
737 1860 771 1904 se
799 1844 1020 1923 existinabant,
1044 1846 1126 1908 dedi·

77 1928 196 1988 derunt.

166 2010 197 2071 2.
241 2010 399 2091 Pelopidas
426 2008 599 2089 Thebanus,
630 2009 797 2090 blaqnetum
825 2012 883 2073 duo
913 2014 1021 2094 oppida
1041 2014 1127 2075 simul

76 2095 300 2174 obpugnaturus
322 2112 380 2155 nou
397 2095 437 2156 ita
460 2094 549 2172 longo
569 2097 665 2174 spatio
685 2096 839 2173 distantia,
859 2114 917 2175 quo
936 2107 1072 2177 tempore
1089 2097 1127 2160 ad

78 2180 206 2241 alterum
224 2195 326 2239 eorum
349 2180 510 2240 exereitum
530 2178 721 2256 admovebat,
743 2183 912 2259 praeoepit,
933 2189 965 2241 ut
987 2200 1025 2241 ex
1047 2200 1126 2243 eom·

77 2264 180 2342 posito
208 2262 245 2324 ab
271 2263 372 2323 alteria
402 2263 507 2325 castris
528 2272 665 2343 quattuor
694 2263 808 2342 equites
831 2265 983 2341 coronati,
1004 2264 1128 2325 notabili

79 2346 235 2407 alaeritate
261 2347 344 2408 velut
368 2346 521 2407 victoriam
549 2347 768 2423 adnuntiantes,
797 2348 952 2407 uenirent:
980 2346 1016 2406 ad
1044 2348 1127 2407 ouius

77 2430 295 2493 simulationem
316 2431 449 2509 ourarit,
467 2438 498 2490 ιιι
513 2429 586 2491 silva
608 2448 684 2511 qnae
706 2431 735 2491 iu
755 2430 853 2491 medio
870 2428 933 2492 erat
954 2430 1127 2491 incendere·

77 2524 143 2590 tur,
167 2514 336 2593 praebitura
360 2516 492 2595 speeiem
507 2512 588 2574 urbis
605 2514 749 2575 ardentis.
793 2515 952 2577 Praeterea
974 2515 1127 2595 quosdam,

78 2599 264 2676 captivorum
279 2598 395 2675 habitu,
419 2598 525 2661 eodem
542 2598 626 2659 iussit
640 2599 773 2677 perduoi.
818 2599 883 2673 Qua
902 2601 1129 2661 adseveratione

79 2683 231 2760 perterriti
259 2683 308 2761 qui
329 2681 553 2760 obsidebantur,
581 2682 649 2743 dum
676 2683 705 2742 iu
726 2692 809 2763 parte
836 2686 892 2745 iam
913 2704 948 2746 se
971 2691 1128 2766 superatos

80 2765 263 2845 existimant,
289 2766 472 2827 deiecerunt.

168 2849 199 2913 3.
242 2848 337 2925 Cyrus
358 2867 413 2911 rex
427 2849 596 2926 Persarum,
619 2850 735 2910 inoluao
754 2850 895 2910 Sardibus
917 2849 1048 2926 croeso,
1071 2868 1130 2929 qua

80 2941 259 3011 praeruptus
280 2950 364 2993 mons
379 2934 487 2993 nullum
509 2934 615 2994 aditum
632 2931 817 3012 praestabat,
840 2932 876 2993 ad
898 2934 1014 2993 moenia
1035 2932 1130 2993 malos

79 3024 285 3095 exaequantes
309 3017 487 3079 altitudinem
509 3018 570 3095 iugi
593 3016 744 3093 subrexit,
772 3016 877 3095 quibus
900 3016 1055 3075 simulacra
1076 3014 1128 3074 bo·

80 3101 188 3159 minum
201 3110 312 3161 armata
327 3099 439 3164 Peraioi
454 3099 570 3162 babitus
586 3102 786 3180 imposuerat,
807 3108 955 3177 noctuque
975 3116 1027 3159 eas
1041 3098 1131 3157 monti

81 3183 227 3244 admouit:
255 3194 315 3245 tum
337 3184 430 3266 prima
458 3184 526 3245 luoe
555 3203 594 3246 ex
620 3186 714 3247 altera
742 3192 826 3265 parte
854 3200 953 3244 maroa
970 3182 1131 3260 adgressus

82 3275 139 3327 est.
184 3266 243 3328 Ubi
261 3284 335 3328 vero
357 3278 424 3330 orto
446 3269 502 3329 iam
523 3269 589 3331 sole
612 3269 766 3331 simulaora
787 3269 838 3330 illa
859 3275 1034 3329 armatorum
1051 3266 1130 3327 reie-

81 3350 177 3411 rentia
194 3351 322 3413 habitum
339 3353 534 3430 refulserunt,
557 3353 712 3433 oppidani,
735 3371 769 3413 oa
792 3361 849 3413 tam
865 3351 966 3412 urbem
988 3350 1026 3413 ab
1045 3359 1131 3429 tergo
1157 3350 1168 3366 '

81 3433 243 3496 eredentes
273 3444 304 3496 et
333 3436 372 3499 ob
399 3436 458 3499 boo
491 3438 521 3498 in
548 3437 647 3516 lugam
672 3436 794 3517 dilapsu,
821 3436 974 3498 victoriam
997 3435 1131 3497 hostibus

82 3528 309 3582 concesserunt.

879 3617 923 3680 5*
