<?xml version="1.0" encoding="UTF-8"?>
<!DOCTYPE html PUBLIC "-//W3C//DTD XHTML 1.0 Transitional//EN"
    "http://www.w3.org/TR/xhtml1/DTD/xhtml1-transitional.dtd">
<html xmlns="http://www.w3.org/1999/xhtml" xml:lang="en" lang="en">
 <head>
  <title>
</title>
<meta http-equiv="Content-Type" content="text/html;charset=utf-8" />
  <meta name='ocr-system' content='tesseract 3.04.00' />
  <meta name='ocr-capabilities' content='ocr_page ocr_carea ocr_par ocr_line ocrx_word'/>
</head>
<body>
  <div class='ocr_page' id='page_1' title='image "./sexiuliifrontin00dedegoog_0135.png"; bbox 0 0 2475 3909; ppageno 0'>
   <div class='ocr_carea' id='block_1_1' title="bbox 206 231 1127 300">
    <p class='ocr_par' dir='ltr' id='par_1_1' title="bbox 206 231 1127 300">
     <span class='ocr_line' id='line_1_1' title="bbox 206 231 1127 300; baseline 0.023 -22"><span class='ocrx_word' id='word_1_1' title='bbox 206 232 255 279; x_wconf 82' lang='lat' dir='ltr'><strong>nm</strong></span> <span class='ocrx_word' id='word_1_2' title='bbox 277 231 397 293; x_wconf 76' lang='lat' dir='ltr'><strong>sonan</strong></span> <span class='ocrx_word' id='word_1_3' title='bbox 417 233 593 285; x_wconf 80' lang='lat' dir='ltr'><strong>occursus</strong></span> <span class='ocrx_word' id='word_1_4' title='bbox 615 239 860 292; x_wconf 67' lang='lat' dir='ltr'><strong>omnesones</strong></span> <span class='ocrx_word' id='word_1_5' title='bbox 883 244 999 294; x_wconf 80' lang='lat' dir='ltr'><strong>nunna.</strong></span> <span class='ocrx_word' id='word_1_6' title='bbox 1066 235 1127 300; x_wconf 83' lang='lat'><strong>113</strong></span> 
     </span>
    </p>
   </div>
   <div class='ocr_carea' id='block_1_2' title="bbox 59 385 1140 3241">
    <p class='ocr_par' dir='ltr' id='par_1_2' title="bbox 66 385 1140 968">
     <span class='ocr_line' id='line_1_2' title="bbox 161 385 1124 481; baseline 0.018 -34"><span class='ocrx_word' id='word_1_7' title='bbox 161 385 213 447; x_wconf 83' lang='lat'><strong>62.</strong></span> <span class='ocrx_word' id='word_1_8' title='bbox 258 387 371 449; x_wconf 79' lang='lat' dir='ltr'><strong>Fistula</strong></span> <span class='ocrx_word' id='word_1_9' title='bbox 396 393 564 452; x_wconf 89' lang='lat' dir='ltr'><strong>centenaria</strong></span> <span class='ocrx_word' id='word_1_10' title='bbox 592 393 724 454; x_wconf 91' lang='lat' dir='ltr'><strong>diametri</strong></span> <span class='ocrx_word' id='word_1_11' title='bbox 746 395 854 473; x_wconf 75' lang='lat' dir='ltr'><strong>digitos</strong></span> <span class='ocrx_word' id='word_1_12' title='bbox 875 397 1027 476; x_wconf 81' lang='lat' dir='ltr'><strong>undecim,</strong></span> <span class='ocrx_word' id='word_1_13' title='bbox 1056 421 1124 481; x_wconf 91' lang='lat' dir='ltr'><strong>qua·</strong></span> 
     </span>
     <span class='ocr_line' id='line_1_3' title="bbox 66 472 1124 564; baseline 0.016 -33"><span class='ocrx_word' id='word_1_14' title='bbox 66 472 218 550; x_wconf 79' lang='lat' dir='ltr'><strong>drentem,</strong></span> <span class='ocrx_word' id='word_1_15' title='bbox 229 472 385 551; x_wconf 70' lang='lat' dir='ltr'><strong>sicilicum,</strong></span> <span class='ocrx_word' id='word_1_16' title='bbox 399 474 559 543; x_wconf 86' lang='lat' dir='ltr'><strong>sextulam;</strong></span> <span class='ocrx_word' id='word_1_17' title='bbox 578 478 728 555; x_wconf 90' lang='lat' dir='ltr'><strong>perimetri</strong></span> <span class='ocrx_word' id='word_1_18' title='bbox 739 479 847 556; x_wconf 88' lang='lat' dir='ltr'><strong>digitos</strong></span> <span class='ocrx_word' id='word_1_19' title='bbox 857 481 975 558; x_wconf 87' lang='lat' dir='ltr'><strong>triginta</strong></span> <span class='ocrx_word' id='word_1_20' title='bbox 986 485 1124 564; x_wconf 90' lang='lat' dir='ltr'><strong>quinque,</strong></span> 
     </span>
     <span class='ocr_line' id='line_1_4' title="bbox 66 557 1123 646; baseline 0.016 -33"><span class='ocrx_word' id='word_1_21' title='bbox 66 557 285 633; x_wconf 72' lang='lat' dir='ltr'><strong>quincuncem,</strong></span> <span class='ocrx_word' id='word_1_22' title='bbox 314 557 472 634; x_wconf 87' lang='lat' dir='ltr'><strong>sicilicum,</strong></span> <span class='ocrx_word' id='word_1_23' title='bbox 502 561 664 622; x_wconf 88' lang='lat' dir='ltr'><strong>sextulam:</strong></span> <span class='ocrx_word' id='word_1_24' title='bbox 694 565 773 640; x_wconf 91' lang='lat' dir='ltr'><strong>capit</strong></span> <span class='ocrx_word' id='word_1_25' title='bbox 801 566 945 643; x_wconf 88' lang='lat' dir='ltr'><strong>quinarias</strong></span> <span class='ocrx_word' id='word_1_26' title='bbox 974 571 1123 646; x_wconf 75' lang='lat' dir='ltr'><strong>octogiuta</strong></span> 
     </span>
     <span class='ocr_line' id='line_1_5' title="bbox 67 642 1140 731; baseline 0.016 -34"><span class='ocrx_word' id='word_1_27' title='bbox 67 657 176 714; x_wconf 87' lang='lat' dir='ltr'><strong>unam,</strong></span> <span class='ocrx_word' id='word_1_28' title='bbox 212 642 421 717; x_wconf 81' lang='lat' dir='ltr'><strong>quincuncem,</strong></span> <span class='ocrx_word' id='word_1_29' title='bbox 455 645 650 722; x_wconf 84' lang='lat' dir='ltr'><strong>semunciam,</strong></span> <span class='ocrx_word' id='word_1_30' title='bbox 684 644 821 707; x_wconf 89' lang='lat' dir='ltr'><strong>duellam.</strong></span> <span class='ocrx_word' id='word_1_31' title='bbox 870 648 958 726; x_wconf 82' lang='lat' dir='ltr'><strong>Apud</strong></span> <span class='ocrx_word' id='word_1_32' title='bbox 988 654 1140 731; x_wconf 84' lang='lat' dir='ltr'><strong>aquarios</strong></span> 
     </span>
     <span class='ocr_line' id='line_1_6' title="bbox 67 721 1122 813; baseline 0.015 -31"><span class='ocrx_word' id='word_1_33' title='bbox 67 721 203 783; x_wconf 85' lang='lat' dir='ltr'><strong>habebat</strong></span> <span class='ocrx_word' id='word_1_34' title='bbox 223 724 357 785; x_wconf 85' lang='lat' dir='ltr'><strong>diametri</strong></span> <span class='ocrx_word' id='word_1_35' title='bbox 379 725 487 801; x_wconf 88' lang='lat' dir='ltr'><strong>digitos</strong></span> <span class='ocrx_word' id='word_1_36' title='bbox 506 728 657 804; x_wconf 88' lang='lat' dir='ltr'><strong>undecim,</strong></span> <span class='ocrx_word' id='word_1_37' title='bbox 687 729 844 808; x_wconf 86' lang='lat' dir='ltr'><strong>deuncem,</strong></span> <span class='ocrx_word' id='word_1_38' title='bbox 867 737 1062 813; x_wconf 79' lang='lat' dir='ltr'><strong>semunciam,</strong></span> <span class='ocrx_word' id='word_1_39' title='bbox 1085 739 1122 798; x_wconf 92' lang='lat' dir='ltr'><strong>si-</strong></span> 
     </span>
     <span class='ocr_line' id='line_1_7' title="bbox 68 807 1122 897; baseline 0.016 -32"><span class='ocrx_word' id='word_1_40' title='bbox 68 807 207 882; x_wconf 92' lang='lat' dir='ltr'><strong>cilicum,</strong></span> <span class='ocrx_word' id='word_1_41' title='bbox 231 809 391 877; x_wconf 88' lang='lat' dir='ltr'><strong>sextulam;</strong></span> <span class='ocrx_word' id='word_1_42' title='bbox 415 811 586 888; x_wconf 84' lang='lat' dir='ltr'><strong>capacitatis</strong></span> <span class='ocrx_word' id='word_1_43' title='bbox 603 813 749 892; x_wconf 90' lang='lat' dir='ltr'><strong>quinarias</strong></span> <span class='ocrx_word' id='word_1_44' title='bbox 760 817 918 893; x_wconf 89' lang='lat' dir='ltr'><strong>nonaginta</strong></span> <span class='ocrx_word' id='word_1_45' title='bbox 932 818 1020 897; x_wconf 89' lang='lat' dir='ltr'><strong>duas,</strong></span> <span class='ocrx_word' id='word_1_46' title='bbox 1041 820 1122 882; x_wconf 90' lang='lat' dir='ltr'><strong>duel·</strong></span> 
     </span>
     <span class='ocr_line' id='line_1_8' title="bbox 67 891 563 968; baseline 0.006 -18"><span class='ocrx_word' id='word_1_47' title='bbox 67 891 146 968; x_wconf 85' lang='lat' dir='ltr'><strong>lam,</strong></span> <span class='ocrx_word' id='word_1_48' title='bbox 172 893 327 952; x_wconf 89' lang='lat' dir='ltr'><strong>sicilicum.</strong></span> <span class='ocrx_word' id='word_1_49' title='bbox 555 938 563 953; x_wconf 92' lang='lat'><strong>.</strong></span> 
     </span>
    </p>

    <p class='ocr_par' dir='ltr' id='par_1_3' title="bbox 67 975 1120 1557">
     <span class='ocr_line' id='line_1_9' title="bbox 158 975 1119 1064; baseline 0.015 -28"><span class='ocrx_word' id='word_1_50' title='bbox 158 975 211 1037; x_wconf 88' lang='grc'><strong>63.</strong></span> <span class='ocrx_word' id='word_1_51' title='bbox 255 976 367 1038; x_wconf 87' lang='lat' dir='ltr'><strong>Fistula</strong></span> <span class='ocrx_word' id='word_1_52' title='bbox 394 987 548 1040; x_wconf 89' lang='lat' dir='ltr'><strong>centenum</strong></span> <span class='ocrx_word' id='word_1_53' title='bbox 569 981 703 1042; x_wconf 83' lang='lat' dir='ltr'><strong>vicenum</strong></span> <span class='ocrx_word' id='word_1_54' title='bbox 725 981 857 1045; x_wconf 87' lang='lat' dir='ltr'><strong>diametri</strong></span> <span class='ocrx_word' id='word_1_55' title='bbox 879 985 987 1064; x_wconf 90' lang='lat' dir='ltr'><strong>digitos</strong></span> <span class='ocrx_word' id='word_1_56' title='bbox 1010 987 1119 1050; x_wconf 89' lang='lat' dir='ltr'><strong>duode-</strong></span> 
     </span>
     <span class='ocr_line' id='line_1_10' title="bbox 68 1059 1120 1150; baseline 0.015 -33"><span class='ocrx_word' id='word_1_57' title='bbox 68 1059 144 1134; x_wconf 91' lang='lat' dir='ltr'><strong>cim,</strong></span> <span class='ocrx_word' id='word_1_58' title='bbox 166 1061 320 1136; x_wconf 82' lang='lat' dir='ltr'><strong>trientem,</strong></span> <span class='ocrx_word' id='word_1_59' title='bbox 343 1063 487 1140; x_wconf 76' lang='lat' dir='ltr'><strong>duellam;</strong></span> <span class='ocrx_word' id='word_1_60' title='bbox 516 1065 665 1143; x_wconf 88' lang='lat' dir='ltr'><strong>perimetri</strong></span> <span class='ocrx_word' id='word_1_61' title='bbox 690 1065 798 1144; x_wconf 88' lang='lat' dir='ltr'><strong>digitos</strong></span> <span class='ocrx_word' id='word_1_62' title='bbox 820 1069 1120 1150; x_wconf 76' lang='lat' dir='ltr'><strong>duodequadraginta,</strong></span> 
     </span>
     <span class='ocr_line' id='line_1_11' title="bbox 67 1142 1119 1231; baseline 0.014 -30"><span class='ocrx_word' id='word_1_63' title='bbox 67 1142 254 1204; x_wconf 87' lang='lat' dir='ltr'><strong>dextantem:</strong></span> <span class='ocrx_word' id='word_1_64' title='bbox 277 1147 356 1224; x_wconf 93' lang='lat' dir='ltr'><strong>capit</strong></span> <span class='ocrx_word' id='word_1_65' title='bbox 376 1148 521 1225; x_wconf 89' lang='lat' dir='ltr'><strong>quinarias</strong></span> <span class='ocrx_word' id='word_1_66' title='bbox 537 1151 695 1226; x_wconf 76' lang='lat' dir='ltr'><strong>nonaginta</strong></span> <span class='ocrx_word' id='word_1_67' title='bbox 715 1162 844 1229; x_wconf 90' lang='lat' dir='ltr'><strong>septem,</strong></span> <span class='ocrx_word' id='word_1_68' title='bbox 868 1155 1056 1231; x_wconf 88' lang='lat' dir='ltr'><strong>dodrantem,</strong></span> <span class='ocrx_word' id='word_1_69' title='bbox 1080 1158 1119 1216; x_wconf 91' lang='lat' dir='ltr'><strong>si·</strong></span> 
     </span>
     <span class='ocr_line' id='line_1_12' title="bbox 68 1228 1117 1315; baseline 0.012 -30"><span class='ocrx_word' id='word_1_70' title='bbox 68 1228 206 1302; x_wconf 91' lang='lat' dir='ltr'><strong>cilicum,</strong></span> <span class='ocrx_word' id='word_1_71' title='bbox 234 1230 388 1290; x_wconf 87' lang='lat' dir='ltr'><strong>sextulam.</strong></span> <span class='ocrx_word' id='word_1_72' title='bbox 431 1231 520 1311; x_wconf 81' lang='lat' dir='ltr'><strong>Apud</strong></span> <span class='ocrx_word' id='word_1_73' title='bbox 548 1235 686 1311; x_wconf 91' lang='lat' dir='ltr'><strong>aquarios</strong></span> <span class='ocrx_word' id='word_1_74' title='bbox 713 1234 840 1296; x_wconf 85' lang='lat' dir='ltr'><strong>habebat</strong></span> <span class='ocrx_word' id='word_1_75' title='bbox 861 1236 992 1298; x_wconf 88' lang='lat' dir='ltr'><strong>diametri</strong></span> <span class='ocrx_word' id='word_1_76' title='bbox 1011 1238 1117 1315; x_wconf 91' lang='lat' dir='ltr'><strong>digitos</strong></span> 
     </span>
     <span class='ocr_line' id='line_1_13' title="bbox 67 1311 1117 1401; baseline 0.013 -33"><span class='ocrx_word' id='word_1_77' title='bbox 67 1311 256 1389; x_wconf 89' lang='lat' dir='ltr'><strong>quindecim,</strong></span> <span class='ocrx_word' id='word_1_78' title='bbox 278 1313 437 1391; x_wconf 88' lang='lat' dir='ltr'><strong>deuncem,</strong></span> <span class='ocrx_word' id='word_1_79' title='bbox 466 1318 660 1392; x_wconf 88' lang='lat' dir='ltr'><strong>semunciam,</strong></span> <span class='ocrx_word' id='word_1_80' title='bbox 691 1314 833 1385; x_wconf 87' lang='lat' dir='ltr'><strong>duellam;</strong></span> <span class='ocrx_word' id='word_1_81' title='bbox 861 1322 1031 1398; x_wconf 84' lang='lat' dir='ltr'><strong>capacitatis</strong></span> <span class='ocrx_word' id='word_1_82' title='bbox 1056 1324 1117 1401; x_wconf 92' lang='lat' dir='ltr'><strong>qui·</strong></span> 
     </span>
     <span class='ocr_line' id='line_1_14' title="bbox 68 1395 1116 1478; baseline 0.01 -25"><span class='ocrx_word' id='word_1_83' title='bbox 68 1395 170 1455; x_wconf 89' lang='lat' dir='ltr'><strong>uarias</strong></span> <span class='ocrx_word' id='word_1_84' title='bbox 186 1405 298 1456; x_wconf 90' lang='lat' dir='ltr'><strong>centum</strong></span> <span class='ocrx_word' id='word_1_85' title='bbox 312 1401 466 1476; x_wconf 76' lang='lat' dir='ltr'><strong>sexaginta</strong></span> <span class='ocrx_word' id='word_1_86' title='bbox 481 1410 553 1475; x_wconf 88' lang='lat' dir='ltr'><strong>tres,</strong></span> <span class='ocrx_word' id='word_1_87' title='bbox 573 1401 737 1475; x_wconf 90' lang='lat' dir='ltr'><strong>semissem,</strong></span> <span class='ocrx_word' id='word_1_88' title='bbox 756 1403 942 1478; x_wconf 89' lang='lat' dir='ltr'><strong>semunciam,</strong></span> <span class='ocrx_word' id='word_1_89' title='bbox 958 1404 1116 1464; x_wconf 88' lang='lat' dir='ltr'><strong>sextulam:</strong></span> 
     </span>
     <span class='ocr_line' id='line_1_15' title="bbox 69 1481 719 1557; baseline 0.008 -20"><span class='ocrx_word' id='word_1_90' title='bbox 69 1481 123 1557; x_wconf 91' lang='lat' dir='ltr'><strong>qui</strong></span> <span class='ocrx_word' id='word_1_91' title='bbox 144 1481 248 1540; x_wconf 90' lang='lat' dir='ltr'><strong>modus</strong></span> <span class='ocrx_word' id='word_1_92' title='bbox 269 1483 388 1542; x_wconf 90' lang='lat' dir='ltr'><strong>duarum</strong></span> <span class='ocrx_word' id='word_1_93' title='bbox 411 1485 642 1544; x_wconf 90' lang='lat' dir='ltr'><strong>centenariarum</strong></span> <span class='ocrx_word' id='word_1_94' title='bbox 665 1492 719 1544; x_wconf 90' lang='lat' dir='ltr'><strong>est.</strong></span> 
     </span>
    </p>

    <p class='ocr_par' dir='ltr' id='par_1_4' title="bbox 59 1565 1116 2907">
     <span class='ocr_line' id='line_1_16' title="bbox 155 1565 1116 1646; baseline 0.006 -22"><span class='ocrx_word' id='word_1_95' title='bbox 155 1565 207 1625; x_wconf 83' lang='grc'><strong>64.</strong></span> <span class='ocrx_word' id='word_1_96' title='bbox 252 1566 429 1628; x_wconf 89' lang='lat' dir='ltr'><strong>Persecutos</strong></span> <span class='ocrx_word' id='word_1_97' title='bbox 459 1586 510 1645; x_wconf 91' lang='lat' dir='ltr'><strong>ea,</strong></span> <span class='ocrx_word' id='word_1_98' title='bbox 539 1585 615 1646; x_wconf 91' lang='lat' dir='ltr'><strong>quae</strong></span> <span class='ocrx_word' id='word_1_99' title='bbox 641 1567 679 1628; x_wconf 89' lang='lat' dir='ltr'><strong>de</strong></span> <span class='ocrx_word' id='word_1_100' title='bbox 703 1567 828 1628; x_wconf 92' lang='lat' dir='ltr'><strong>modulis</strong></span> <span class='ocrx_word' id='word_1_101' title='bbox 856 1567 913 1627; x_wconf 90' lang='lat' dir='ltr'><strong>dici</strong></span> <span class='ocrx_word' id='word_1_102' title='bbox 938 1567 992 1628; x_wconf 88' lang='lat' dir='ltr'><strong>luit</strong></span> <span class='ocrx_word' id='word_1_103' title='bbox 1013 1585 1116 1630; x_wconf 92' lang='lat' dir='ltr'><strong>ueces-</strong></span> 
     </span>
     <span class='ocr_line' id='line_1_17' title="bbox 69 1649 1116 1731; baseline 0.006 -25"><span class='ocrx_word' id='word_1_104' title='bbox 69 1649 195 1722; x_wconf 91' lang='lat' dir='ltr'><strong>sarium,</strong></span> <span class='ocrx_word' id='word_1_105' title='bbox 224 1668 300 1710; x_wconf 92' lang='lat' dir='ltr'><strong>nuuc</strong></span> <span class='ocrx_word' id='word_1_106' title='bbox 322 1668 444 1729; x_wconf 91' lang='lat' dir='ltr'><strong>ponam,</strong></span> <span class='ocrx_word' id='word_1_107' title='bbox 474 1670 561 1731; x_wconf 88' lang='lat' dir='ltr'><strong>quem</strong></span> <span class='ocrx_word' id='word_1_108' title='bbox 582 1651 696 1711; x_wconf 88' lang='lat' dir='ltr'><strong>modum</strong></span> <span class='ocrx_word' id='word_1_109' title='bbox 719 1668 852 1730; x_wconf 92' lang='lat' dir='ltr'><strong>quaeque</strong></span> <span class='ocrx_word' id='word_1_110' title='bbox 872 1667 963 1728; x_wconf 91' lang='lat' dir='ltr'><strong>aqua,</strong></span> <span class='ocrx_word' id='word_1_111' title='bbox 986 1661 1017 1712; x_wconf 94' lang='lat' dir='ltr'><strong>ut</strong></span> <span class='ocrx_word' id='word_1_112' title='bbox 1037 1652 1116 1712; x_wconf 89' lang='lat' dir='ltr'><strong>Prin·</strong></span> 
     </span>
     <span class='ocr_line' id='line_1_18' title="bbox 68 1733 1116 1815; baseline 0.007 -26"><span class='ocrx_word' id='word_1_113' title='bbox 68 1733 164 1810; x_wconf 93' lang='lat' dir='ltr'><strong>cipum</strong></span> <span class='ocrx_word' id='word_1_114' title='bbox 193 1735 407 1795; x_wconf 71' lang='lat' dir='ltr'><strong>commentaris</strong></span> <span class='ocrx_word' id='word_1_115' title='bbox 436 1735 680 1815; x_wconf 84' lang='lat' dir='ltr'><strong>comprehensum</strong></span> <span class='ocrx_word' id='word_1_116' title='bbox 708 1745 771 1811; x_wconf 91' lang='lat' dir='ltr'><strong>est,</strong></span> <span class='ocrx_word' id='word_1_117' title='bbox 805 1753 898 1814; x_wconf 91' lang='lat' dir='ltr'><strong>usque</strong></span> <span class='ocrx_word' id='word_1_118' title='bbox 925 1736 962 1797; x_wconf 91' lang='lat' dir='ltr'><strong>ad</strong></span> <span class='ocrx_word' id='word_1_119' title='bbox 988 1745 1116 1796; x_wconf 69' lang='lat' dir='ltr'><strong>neuram</strong></span> 
     </span>
     <span class='ocr_line' id='line_1_19' title="bbox 68 1818 1116 1898; baseline 0.004 -22"><span class='ocrx_word' id='word_1_120' title='bbox 68 1833 167 1877; x_wconf 90' lang='lat' dir='ltr'><strong>curam</strong></span> <span class='ocrx_word' id='word_1_121' title='bbox 189 1818 302 1879; x_wconf 89' lang='lat' dir='ltr'><strong>habere</strong></span> <span class='ocrx_word' id='word_1_122' title='bbox 324 1821 386 1880; x_wconf 88' lang='lat' dir='ltr'><strong>visa</strong></span> <span class='ocrx_word' id='word_1_123' title='bbox 412 1821 449 1879; x_wconf 94' lang='lat' dir='ltr'><strong>sit</strong></span> <span class='ocrx_word' id='word_1_124' title='bbox 472 1829 667 1898; x_wconf 88' lang='lat' dir='ltr'><strong>quantumque</strong></span> <span class='ocrx_word' id='word_1_125' title='bbox 690 1821 858 1898; x_wconf 87' lang='lat' dir='ltr'><strong>erogaverit</strong></span> <span class='ocrx_word' id='word_1_126' title='bbox 866 1841 873 1887; x_wconf 94' lang='lat'>;</span> <span class='ocrx_word' id='word_1_127' title='bbox 901 1819 1007 1880; x_wconf 91' lang='lat' dir='ltr'><strong>deinde</strong></span> <span class='ocrx_word' id='word_1_128' title='bbox 1030 1837 1116 1898; x_wconf 91' lang='lat' dir='ltr'><strong>quem</strong></span> 
     </span>
     <span class='ocr_line' id='line_1_20' title="bbox 67 1901 1115 1984; baseline 0.007 -26"><span class='ocrx_word' id='word_1_129' title='bbox 67 1901 122 1978; x_wconf 86' lang='lat' dir='ltr'><strong>ipsi</strong></span> <span class='ocrx_word' id='word_1_130' title='bbox 144 1902 322 1980; x_wconf 88' lang='lat' dir='ltr'><strong>scrupulosa</strong></span> <span class='ocrx_word' id='word_1_131' title='bbox 333 1905 548 1984; x_wconf 77' lang='lat' dir='ltr'><strong>inquisitione,</strong></span> <span class='ocrx_word' id='word_1_132' title='bbox 570 1913 731 1981; x_wconf 90' lang='lat' dir='ltr'><strong>praeeunte</strong></span> <span class='ocrx_word' id='word_1_133' title='bbox 753 1903 935 1982; x_wconf 86' lang='lat' dir='ltr'><strong>providentia</strong></span> <span class='ocrx_word' id='word_1_134' title='bbox 957 1905 1057 1983; x_wconf 90' lang='lat' dir='ltr'><strong>optimi</strong></span> <span class='ocrx_word' id='word_1_135' title='bbox 1073 1903 1115 1965; x_wconf 94' lang='lat' dir='ltr'><strong>di·</strong></span> 
     </span>
     <span class='ocr_line' id='line_1_21' title="bbox 66 1984 1114 2068; baseline 0.004 -24"><span class='ocrx_word' id='word_1_136' title='bbox 66 1984 310 2064; x_wconf 85' lang='lat' dir='ltr'><strong>ligentissimique</strong></span> <span class='ocrx_word' id='word_1_137' title='bbox 340 1987 458 2048; x_wconf 85' lang='lat' dir='ltr'><strong>Neruae</strong></span> <span class='ocrx_word' id='word_1_138' title='bbox 481 1988 640 2067; x_wconf 88' lang='lat' dir='ltr'><strong>Principis,</strong></span> <span class='ocrx_word' id='word_1_139' title='bbox 671 1989 875 2068; x_wconf 78' lang='lat' dir='ltr'><strong>invenerimus.</strong></span> <span class='ocrx_word' id='word_1_140' title='bbox 920 1988 1016 2049; x_wconf 89' lang='lat' dir='ltr'><strong>Fuere</strong></span> <span class='ocrx_word' id='word_1_141' title='bbox 1041 2005 1114 2065; x_wconf 87' lang='lat' dir='ltr'><strong>ergo</strong></span> 
     </span>
     <span class='ocr_line' id='line_1_22' title="bbox 64 2071 1115 2149; baseline 0.004 -21"><span class='ocrx_word' id='word_1_142' title='bbox 64 2071 93 2129; x_wconf 94' lang='lat' dir='ltr'><strong>iu</strong></span> <span class='ocrx_word' id='word_1_143' title='bbox 121 2073 339 2130; x_wconf 90' lang='lat' dir='ltr'><strong>commentariis</strong></span> <span class='ocrx_word' id='word_1_144' title='bbox 367 2073 395 2130; x_wconf 93' lang='lat' dir='ltr'><strong>iu</strong></span> <span class='ocrx_word' id='word_1_145' title='bbox 423 2072 561 2132; x_wconf 85' lang='lat' dir='ltr'><strong>uniuerso</strong></span> <span class='ocrx_word' id='word_1_146' title='bbox 591 2073 739 2149; x_wconf 88' lang='lat' dir='ltr'><strong>quinariae</strong></span> <span class='ocrx_word' id='word_1_147' title='bbox 760 2085 812 2131; x_wconf 74' lang='grc' dir='ltr'><strong>ΧΗ</strong></span> <span class='ocrx_word' id='word_1_148' title='bbox 832 2072 909 2131; x_wconf 90' lang='lat' dir='ltr'><strong>milia</strong></span> <span class='ocrx_word' id='word_1_149' title='bbox 931 2085 1058 2148; x_wconf 81' lang='lat' dir='ltr'><strong>Dchv,</strong></span> <span class='ocrx_word' id='word_1_150' title='bbox 1086 2075 1115 2132; x_wconf 90' lang='lat' dir='ltr'><strong>in</strong></span> 
     </span>
     <span class='ocr_line' id='line_1_23' title="bbox 65 2151 1114 2234; baseline 0.002 -22"><span class='ocrx_word' id='word_1_151' title='bbox 65 2155 242 2231; x_wconf 84' lang='lat' dir='ltr'><strong>erogatione</strong></span> <span class='ocrx_word' id='word_1_152' title='bbox 268 2169 331 2215; x_wconf 84' lang='lat' dir='ltr'><strong>xlv</strong></span> <span class='ocrx_word' id='word_1_153' title='bbox 358 2151 437 2216; x_wconf 79' lang='lat' dir='ltr'><strong>milia</strong></span> <span class='ocrx_word' id='word_1_154' title='bbox 463 2169 566 2223; x_wconf 82' lang='lat' dir='ltr'><strong>xv111;</strong></span> <span class='ocrx_word' id='word_1_155' title='bbox 599 2155 665 2234; x_wconf 90' lang='lat' dir='ltr'><strong>plus</strong></span> <span class='ocrx_word' id='word_1_156' title='bbox 689 2158 718 2214; x_wconf 91' lang='lat' dir='ltr'><strong>iu</strong></span> <span class='ocrx_word' id='word_1_157' title='bbox 745 2155 947 2216; x_wconf 87' lang='lat' dir='ltr'><strong>distributione</strong></span> <span class='ocrx_word' id='word_1_158' title='bbox 972 2175 1057 2234; x_wconf 88' lang='lat' dir='ltr'><strong>quam</strong></span> <span class='ocrx_word' id='word_1_159' title='bbox 1085 2159 1114 2216; x_wconf 90' lang='lat' dir='ltr'><strong>iu</strong></span> 
     </span>
     <span class='ocr_line' id='line_1_24' title="bbox 63 2237 1113 2319; baseline 0.003 -22"><span class='ocrx_word' id='word_1_160' title='bbox 63 2248 192 2316; x_wconf 90' lang='lat' dir='ltr'><strong>accepto</strong></span> <span class='ocrx_word' id='word_1_161' title='bbox 220 2239 445 2319; x_wconf 71' lang='lat' dir='ltr'><strong>computabatur</strong></span> <span class='ocrx_word' id='word_1_162' title='bbox 467 2241 607 2318; x_wconf 87' lang='lat' dir='ltr'><strong>quinariis</strong></span> <span class='ocrx_word' id='word_1_163' title='bbox 629 2252 771 2300; x_wconf 77' lang='lat' dir='ltr'><strong>mouent.</strong></span> <span class='ocrx_word' id='word_1_164' title='bbox 815 2237 905 2298; x_wconf 89' lang='lat' dir='ltr'><strong>Huius</strong></span> <span class='ocrx_word' id='word_1_165' title='bbox 926 2241 970 2298; x_wconf 89' lang='lat' dir='ltr'><strong>rei</strong></span> <span class='ocrx_word' id='word_1_166' title='bbox 992 2238 1113 2300; x_wconf 86' lang='lat' dir='ltr'><strong>admira·</strong></span> 
     </span>
     <span class='ocr_line' id='line_1_25' title="bbox 63 2320 1113 2403; baseline -0.001 -22"><span class='ocrx_word' id='word_1_167' title='bbox 63 2324 122 2398; x_wconf 88' lang='lat' dir='ltr'><strong>tio,</strong></span> <span class='ocrx_word' id='word_1_168' title='bbox 147 2339 213 2381; x_wconf 92' lang='lat' dir='ltr'><strong>cum</strong></span> <span class='ocrx_word' id='word_1_169' title='bbox 235 2328 426 2403; x_wconf 87' lang='lat' dir='ltr'><strong>praecipuum</strong></span> <span class='ocrx_word' id='word_1_170' title='bbox 447 2325 538 2384; x_wconf 88' lang='lat' dir='ltr'><strong>cilicii</strong></span> <span class='ocrx_word' id='word_1_171' title='bbox 559 2340 634 2402; x_wconf 92' lang='lat' dir='ltr'><strong>opus</strong></span> <span class='ocrx_word' id='word_1_172' title='bbox 656 2325 684 2381; x_wconf 93' lang='lat' dir='ltr'><strong>iu</strong></span> <span class='ocrx_word' id='word_1_173' title='bbox 705 2320 887 2402; x_wconf 86' lang='lat' dir='ltr'><strong>exploranda</strong></span> <span class='ocrx_word' id='word_1_174' title='bbox 903 2321 959 2380; x_wconf 90' lang='lat' dir='ltr'><strong>lide</strong></span> <span class='ocrx_word' id='word_1_175' title='bbox 974 2338 1113 2399; x_wconf 90' lang='lat' dir='ltr'><strong>aquarum</strong></span> 
     </span>
     <span class='ocr_line' id='line_1_26' title="bbox 61 2405 1112 2487; baseline -0.002 -21"><span class='ocrx_word' id='word_1_176' title='bbox 61 2415 153 2484; x_wconf 90' lang='lat' dir='ltr'><strong>atque</strong></span> <span class='ocrx_word' id='word_1_177' title='bbox 177 2410 263 2487; x_wconf 93' lang='lat' dir='ltr'><strong>copia</strong></span> <span class='ocrx_word' id='word_1_178' title='bbox 283 2409 455 2485; x_wconf 86' lang='lat' dir='ltr'><strong>crederem,</strong></span> <span class='ocrx_word' id='word_1_179' title='bbox 478 2419 537 2468; x_wconf 90' lang='lat' dir='ltr'><strong>non</strong></span> <span class='ocrx_word' id='word_1_180' title='bbox 550 2407 739 2468; x_wconf 86' lang='lat' dir='ltr'><strong>mediocriter</strong></span> <span class='ocrx_word' id='word_1_181' title='bbox 754 2425 800 2466; x_wconf 92' lang='lat' dir='ltr'><strong>me</strong></span> <span class='ocrx_word' id='word_1_182' title='bbox 817 2407 962 2465; x_wconf 89' lang='lat' dir='ltr'><strong>conuertit</strong></span> <span class='ocrx_word' id='word_1_183' title='bbox 978 2405 1014 2464; x_wconf 91' lang='lat' dir='ltr'><strong>ad</strong></span> <span class='ocrx_word' id='word_1_184' title='bbox 1031 2422 1112 2465; x_wconf 92' lang='lat' dir='ltr'><strong>scru-</strong></span> 
     </span>
     <span class='ocr_line' id='line_1_27' title="bbox 60 2489 1112 2571; baseline -0.002 -21"><span class='ocrx_word' id='word_1_185' title='bbox 60 2491 195 2568; x_wconf 88' lang='lat' dir='ltr'><strong>tandum,</strong></span> <span class='ocrx_word' id='word_1_186' title='bbox 213 2492 471 2571; x_wconf 61' lang='lat' dir='ltr'><strong>‚quemadmodum</strong></span> <span class='ocrx_word' id='word_1_187' title='bbox 497 2491 619 2570; x_wconf 93' lang='lat' dir='ltr'><strong>amplius</strong></span> <span class='ocrx_word' id='word_1_188' title='bbox 641 2499 830 2569; x_wconf 88' lang='lat' dir='ltr'><strong>erogaretur,</strong></span> <span class='ocrx_word' id='word_1_189' title='bbox 865 2507 950 2569; x_wconf 92' lang='lat' dir='ltr'><strong>quam</strong></span> <span class='ocrx_word' id='word_1_190' title='bbox 976 2491 1004 2548; x_wconf 90' lang='lat' dir='ltr'><strong>iu</strong></span> <span class='ocrx_word' id='word_1_191' title='bbox 1026 2489 1112 2568; x_wconf 88' lang='lat' dir='ltr'><strong>patri·</strong></span> 
     </span>
     <span class='ocr_line' id='line_1_28' title="bbox 60 2574 1111 2654; baseline 0.001 -21"><span class='ocrx_word' id='word_1_192' title='bbox 60 2576 176 2650; x_wconf 89' lang='lat' dir='ltr'><strong>monio,</strong></span> <span class='ocrx_word' id='word_1_193' title='bbox 202 2584 233 2634; x_wconf 92' lang='lat' dir='ltr'><strong>ut</strong></span> <span class='ocrx_word' id='word_1_194' title='bbox 254 2578 294 2637; x_wconf 93' lang='lat' dir='ltr'><strong>ita</strong></span> <span class='ocrx_word' id='word_1_195' title='bbox 316 2577 427 2653; x_wconf 90' lang='lat' dir='ltr'><strong>dicam,</strong></span> <span class='ocrx_word' id='word_1_196' title='bbox 451 2585 541 2637; x_wconf 87' lang='lat' dir='ltr'><strong>esset.</strong></span> <span class='ocrx_word' id='word_1_197' title='bbox 586 2576 663 2636; x_wconf 78' lang='lat' dir='ltr'><strong>Ante</strong></span> <span class='ocrx_word' id='word_1_198' title='bbox 687 2578 781 2637; x_wconf 88' lang='lat' dir='ltr'><strong>omnia</strong></span> <span class='ocrx_word' id='word_1_199' title='bbox 803 2576 901 2652; x_wconf 92' lang='lat' dir='ltr'><strong>itaque</strong></span> <span class='ocrx_word' id='word_1_200' title='bbox 928 2576 1024 2654; x_wconf 87' lang='lat' dir='ltr'><strong>capita</strong></span> <span class='ocrx_word' id='word_1_201' title='bbox 1042 2574 1111 2635; x_wconf 88' lang='lat' dir='ltr'><strong>duc·</strong></span> 
     </span>
     <span class='ocr_line' id='line_1_29' title="bbox 59 2658 1111 2738; baseline 0 -20"><span class='ocrx_word' id='word_1_202' title='bbox 59 2668 141 2718; x_wconf 91' lang='lat' dir='ltr'><strong>tuum</strong></span> <span class='ocrx_word' id='word_1_203' title='bbox 162 2661 259 2719; x_wconf 91' lang='lat' dir='ltr'><strong>metiri</strong></span> <span class='ocrx_word' id='word_1_204' title='bbox 285 2661 445 2738; x_wconf 90' lang='lat' dir='ltr'><strong>adgressos</strong></span> <span class='ocrx_word' id='word_1_205' title='bbox 471 2680 549 2729; x_wconf 77' lang='lat' dir='ltr'><strong>sum:</strong></span> <span class='ocrx_word' id='word_1_206' title='bbox 579 2661 634 2720; x_wconf 91' lang='lat' dir='ltr'><strong>sed</strong></span> <span class='ocrx_word' id='word_1_207' title='bbox 658 2661 764 2737; x_wconf 89' lang='lat' dir='ltr'><strong>longe,</strong></span> <span class='ocrx_word' id='word_1_208' title='bbox 794 2658 822 2719; x_wconf 91' lang='lat' dir='ltr'><strong>id</strong></span> <span class='ocrx_word' id='word_1_209' title='bbox 844 2668 890 2718; x_wconf 89' lang='lat' dir='ltr'><strong>est</strong></span> <span class='ocrx_word' id='word_1_210' title='bbox 912 2660 1030 2720; x_wconf 90' lang='lat' dir='ltr'><strong>circiter</strong></span> <span class='ocrx_word' id='word_1_211' title='bbox 1050 2660 1111 2737; x_wconf 92' lang='lat' dir='ltr'><strong>qui·</strong></span> 
     </span>
     <span class='ocr_line' id='line_1_30' title="bbox 59 2743 1111 2821; baseline 0 -19"><span class='ocrx_word' id='word_1_212' title='bbox 59 2744 208 2803; x_wconf 91' lang='lat' dir='ltr'><strong>uariarum</strong></span> <span class='ocrx_word' id='word_1_213' title='bbox 234 2743 337 2806; x_wconf 91' lang='lat' dir='ltr'><strong>decem</strong></span> <span class='ocrx_word' id='word_1_214' title='bbox 364 2745 496 2820; x_wconf 87' lang='lat' dir='ltr'><strong>milibus,</strong></span> <span class='ocrx_word' id='word_1_215' title='bbox 531 2744 704 2821; x_wconf 92' lang='lat' dir='ltr'><strong>ampliorem</strong></span> <span class='ocrx_word' id='word_1_216' title='bbox 726 2759 811 2820; x_wconf 92' lang='lat' dir='ltr'><strong>quam</strong></span> <span class='ocrx_word' id='word_1_217' title='bbox 839 2743 868 2800; x_wconf 90' lang='lat' dir='ltr'><strong>in</strong></span> <span class='ocrx_word' id='word_1_218' title='bbox 897 2743 1111 2803; x_wconf 90' lang='lat' dir='ltr'><strong>commentariis</strong></span> 
     </span>
     <span class='ocr_line' id='line_1_31' title="bbox 59 2811 1054 2907; baseline -0.003 -20"><span class='ocrx_word' id='word_1_219' title='bbox 59 2811 185 2887; x_wconf 78' lang='lat' dir='ltr'><strong>modum</strong></span> <span class='ocrx_word' id='word_1_220' title='bbox 201 2828 313 2904; x_wconf 85' lang='lat' dir='ltr'><strong>iuveni,</strong></span> <span class='ocrx_word' id='word_1_221' title='bbox 336 2839 368 2889; x_wconf 93' lang='lat' dir='ltr'><strong>ut</strong></span> <span class='ocrx_word' id='word_1_222' title='bbox 389 2847 444 2907; x_wconf 92' lang='lat' dir='ltr'><strong>per</strong></span> <span class='ocrx_word' id='word_1_223' title='bbox 466 2827 596 2904; x_wconf 90' lang='lat' dir='ltr'><strong>singulas</strong></span> <span class='ocrx_word' id='word_1_224' title='bbox 615 2823 834 2884; x_wconf 88' lang='lat' dir='ltr'><strong>demonstrabo.</strong></span> <span class='ocrx_word' id='word_1_225' title='bbox 1051 2877 1054 2884; x_wconf 92' lang='grc'><em>,</em></span> 
     </span>
    </p>

    <p class='ocr_par' dir='ltr' id='par_1_5' title="bbox 59 2906 1111 3241">
     <span class='ocr_line' id='line_1_32' title="bbox 150 2906 1110 2991; baseline -0.007 -19"><span class='ocrx_word' id='word_1_226' title='bbox 150 2912 201 2972; x_wconf 86' lang='grc'><strong>65.</strong></span> <span class='ocrx_word' id='word_1_227' title='bbox 247 2913 362 2991; x_wconf 84' lang='lat' dir='ltr'><strong>Appiae</strong></span> <span class='ocrx_word' id='word_1_228' title='bbox 384 2914 414 2972; x_wconf 92' lang='lat' dir='ltr'><strong>in</strong></span> <span class='ocrx_word' id='word_1_229' title='bbox 435 2910 648 2972; x_wconf 90' lang='lat' dir='ltr'><strong>commentariis</strong></span> <span class='ocrx_word' id='word_1_230' title='bbox 671 2907 836 2985; x_wconf 91' lang='lat' dir='ltr'><strong>adscriptus</strong></span> <span class='ocrx_word' id='word_1_231' title='bbox 858 2915 903 2965; x_wconf 89' lang='lat' dir='ltr'><strong>est</strong></span> <span class='ocrx_word' id='word_1_232' title='bbox 924 2906 1028 2964; x_wconf 92' lang='lat' dir='ltr'><strong>modus</strong></span> <span class='ocrx_word' id='word_1_233' title='bbox 1048 2907 1110 2983; x_wconf 85' lang='lat' dir='ltr'><strong>qai.—</strong></span> 
     </span>
     <span class='ocr_line' id='line_1_33' title="bbox 60 2990 1110 3071; baseline -0.01 -17"><span class='ocrx_word' id='word_1_234' title='bbox 60 2998 206 3056; x_wconf 89' lang='lat' dir='ltr'><strong>uariarnm</strong></span> <span class='ocrx_word' id='word_1_235' title='bbox 227 3007 391 3056; x_wconf 77' lang='lat' dir='ltr'><strong>Decem.</strong></span> <span class='ocrx_word' id='word_1_236' title='bbox 438 2994 526 3056; x_wconf 82' lang='lat' dir='ltr'><strong>Cuius</strong></span> <span class='ocrx_word' id='word_1_237' title='bbox 546 2993 663 3071; x_wconf 91' lang='lat' dir='ltr'><strong>quidem</strong></span> <span class='ocrx_word' id='word_1_238' title='bbox 685 2992 721 3052; x_wconf 90' lang='lat' dir='ltr'><strong>ad</strong></span> <span class='ocrx_word' id='word_1_239' title='bbox 737 2998 824 3068; x_wconf 91' lang='lat' dir='ltr'><strong>caput</strong></span> <span class='ocrx_word' id='word_1_240' title='bbox 839 2990 961 3048; x_wconf 83' lang='lat' dir='ltr'><strong>inueniri</strong></span> <span class='ocrx_word' id='word_1_241' title='bbox 976 3004 1110 3045; x_wconf 91' lang='lat' dir='ltr'><strong>mensura</strong></span> 
     </span>
     <span class='ocr_line' id='line_1_34' title="bbox 59 3068 1110 3158; baseline -0.01 -19"><span class='ocrx_word' id='word_1_242' title='bbox 59 3096 117 3139; x_wconf 93' lang='lat' dir='ltr'><strong>uon</strong></span> <span class='ocrx_word' id='word_1_243' title='bbox 138 3080 252 3156; x_wconf 90' lang='lat' dir='ltr'><strong>potuit,</strong></span> <span class='ocrx_word' id='word_1_244' title='bbox 276 3082 413 3158; x_wconf 91' lang='lat' dir='ltr'><strong>quoniam</strong></span> <span class='ocrx_word' id='word_1_245' title='bbox 438 3097 477 3140; x_wconf 89' lang='lat' dir='ltr'><strong>ex</strong></span> <span class='ocrx_word' id='word_1_246' title='bbox 500 3077 614 3138; x_wconf 92' lang='lat' dir='ltr'><strong>duobus</strong></span> <span class='ocrx_word' id='word_1_247' title='bbox 636 3077 706 3137; x_wconf 85' lang='lat' dir='ltr'><strong>rivis</strong></span> <span class='ocrx_word' id='word_1_248' title='bbox 728 3081 852 3135; x_wconf 88' lang='lat' dir='ltr'><strong>constat.</strong></span> <span class='ocrx_word' id='word_1_249' title='bbox 896 3071 943 3130; x_wconf 82' lang='lat' dir='ltr'><strong>Ad</strong></span> <span class='ocrx_word' id='word_1_250' title='bbox 963 3068 1110 3130; x_wconf 85' lang='lat' dir='ltr'><strong>Gemellas</strong></span> 
     </span>
     <span class='ocr_line' id='line_1_35' title="bbox 59 3155 1111 3241; baseline -0.01 -19"><span class='ocrx_word' id='word_1_251' title='bbox 59 3174 175 3238; x_wconf 90' lang='lat' dir='ltr'><strong>tamen,</strong></span> <span class='ocrx_word' id='word_1_252' title='bbox 203 3165 251 3241; x_wconf 94' lang='lat' dir='ltr'><strong>qui</strong></span> <span class='ocrx_word' id='word_1_253' title='bbox 274 3164 359 3224; x_wconf 94' lang='lat' dir='ltr'><strong>locus</strong></span> <span class='ocrx_word' id='word_1_254' title='bbox 382 3172 429 3223; x_wconf 90' lang='lat' dir='ltr'><strong>est</strong></span> <span class='ocrx_word' id='word_1_255' title='bbox 449 3165 525 3222; x_wconf 90' lang='lat' dir='ltr'><strong>iuter</strong></span> <span class='ocrx_word' id='word_1_256' title='bbox 547 3163 637 3238; x_wconf 88' lang='lat' dir='ltr'><strong>Spem</strong></span> <span class='ocrx_word' id='word_1_257' title='bbox 658 3159 816 3233; x_wconf 85' lang='lat' dir='ltr'><strong>Veterem,</strong></span> <span class='ocrx_word' id='word_1_258' title='bbox 840 3156 888 3217; x_wconf 89' lang='lat' dir='ltr'><strong>ubi</strong></span> <span class='ocrx_word' id='word_1_259' title='bbox 904 3155 1031 3231; x_wconf 89' lang='lat' dir='ltr'><strong>iungitur</strong></span> <span class='ocrx_word' id='word_1_260' title='bbox 1047 3169 1111 3212; x_wconf 92' lang='lat' dir='ltr'><strong>cum</strong></span> 
     </span>
    </p>
   </div>
   <div class='ocr_carea' id='block_1_3' title="bbox 57 3237 1109 3652">
    <p class='ocr_par' dir='ltr' id='par_1_6' title="bbox 58 3237 1109 3324">
     <span class='ocr_line' id='line_1_36' title="bbox 58 3237 1109 3324; baseline -0.011 -17"><span class='ocrx_word' id='word_1_261' title='bbox 58 3265 142 3307; x_wconf 93' lang='lat' dir='ltr'><strong>ramo</strong></span> <span class='ocrx_word' id='word_1_262' title='bbox 171 3246 343 3324; x_wconf 79' lang='lat' dir='ltr'><strong>Augustae,</strong></span> <span class='ocrx_word' id='word_1_263' title='bbox 375 3247 473 3308; x_wconf 89' lang='lat' dir='ltr'><strong>iuveni</strong></span> <span class='ocrx_word' id='word_1_264' title='bbox 505 3243 684 3306; x_wconf 88' lang='lat' dir='ltr'><strong>altitudinem</strong></span> <span class='ocrx_word' id='word_1_265' title='bbox 714 3260 808 3322; x_wconf 87' lang='lat' dir='ltr'><strong>aquae</strong></span> <span class='ocrx_word' id='word_1_266' title='bbox 829 3238 944 3319; x_wconf 90' lang='lat' dir='ltr'><strong>pedum</strong></span> <span class='ocrx_word' id='word_1_267' title='bbox 971 3237 1109 3316; x_wconf 88' lang='lat' dir='ltr'><strong>quinque,</strong></span> 
     </span>
    </p>

    <p class='ocr_par' dir='ltr' id='par_1_7' title="bbox 57 3321 1109 3410">
     <span class='ocr_line' id='line_1_37' title="bbox 57 3321 1109 3410; baseline -0.011 -18"><span class='ocrx_word' id='word_1_268' title='bbox 57 3331 241 3392; x_wconf 90' lang='lat' dir='ltr'><strong>latitudinem</strong></span> <span class='ocrx_word' id='word_1_269' title='bbox 268 3334 355 3410; x_wconf 92' lang='lat' dir='ltr'><strong>pedis</strong></span> <span class='ocrx_word' id='word_1_270' title='bbox 385 3333 485 3406; x_wconf 91' lang='lat' dir='ltr'><strong>nnius,</strong></span> <span class='ocrx_word' id='word_1_271' title='bbox 514 3329 679 3390; x_wconf 88' lang='lat' dir='ltr'><strong>dodrantis:</strong></span> <span class='ocrx_word' id='word_1_272' title='bbox 710 3327 780 3386; x_wconf 86' lang='lat' dir='ltr'><strong>liunt</strong></span> <span class='ocrx_word' id='word_1_273' title='bbox 800 3341 888 3384; x_wconf 90' lang='lat' dir='ltr'><strong>areae</strong></span> <span class='ocrx_word' id='word_1_274' title='bbox 913 3321 1007 3401; x_wconf 88' lang='lat' dir='ltr'><strong>pedes</strong></span> <span class='ocrx_word' id='word_1_275' title='bbox 1029 3329 1109 3397; x_wconf 89' lang='lat' dir='ltr'><strong>octo,</strong></span> 
     </span>
    </p>

    <p class='ocr_par' dir='ltr' id='par_1_8' title="bbox 59 3407 1109 3491">
     <span class='ocr_line' id='line_1_38' title="bbox 59 3407 1109 3491; baseline -0.01 -15"><span class='ocrx_word' id='word_1_276' title='bbox 59 3415 188 3476; x_wconf 90' lang='lat' dir='ltr'><strong>dodrans</strong></span> <span class='ocrx_word' id='word_1_277' title='bbox 203 3437 224 3474; x_wconf 88' lang='lat'><strong>:·</strong></span> <span class='ocrx_word' id='word_1_278' title='bbox 244 3417 433 3476; x_wconf 89' lang='lat' dir='ltr'><strong>centenariae</strong></span> <span class='ocrx_word' id='word_1_279' title='bbox 460 3415 563 3491; x_wconf 84' lang='lat' dir='ltr'><strong>uiginti</strong></span> <span class='ocrx_word' id='word_1_280' title='bbox 591 3411 666 3471; x_wconf 91' lang='lat' dir='ltr'><strong>duae</strong></span> <span class='ocrx_word' id='word_1_281' title='bbox 695 3420 724 3471; x_wconf 87' lang='lat' dir='ltr'><strong>et</strong></span> <span class='ocrx_word' id='word_1_282' title='bbox 754 3407 1000 3488; x_wconf 79' lang='lat' dir='ltr'><strong>quadragenaria:</strong></span> <span class='ocrx_word' id='word_1_283' title='bbox 1035 3423 1109 3484; x_wconf 92' lang='lat' dir='ltr'><strong>quae</strong></span> 
     </span>
    </p>

    <p class='ocr_par' dir='ltr' id='par_1_9' title="bbox 58 3489 1109 3652">
     <span class='ocr_line' id='line_1_39' title="bbox 58 3489 1109 3576; baseline -0.01 -17"><span class='ocrx_word' id='word_1_284' title='bbox 58 3499 194 3559; x_wconf 90' lang='lat' dir='ltr'><strong>eiiiciuut</strong></span> <span class='ocrx_word' id='word_1_285' title='bbox 208 3500 357 3576; x_wconf 92' lang='lat' dir='ltr'><strong>quinarias</strong></span> <span class='ocrx_word' id='word_1_286' title='bbox 372 3509 580 3572; x_wconf 79' lang='lat' dir='ltr'><strong>mmcccxxv,</strong></span> <span class='ocrx_word' id='word_1_287' title='bbox 597 3495 737 3573; x_wconf 85' lang='lat' dir='ltr'><strong>amplius,</strong></span> <span class='ocrx_word' id='word_1_288' title='bbox 753 3509 837 3571; x_wconf 90' lang='lat' dir='ltr'><strong>quam</strong></span> <span class='ocrx_word' id='word_1_289' title='bbox 852 3493 881 3551; x_wconf 91' lang='lat' dir='ltr'><strong>in</strong></span> <span class='ocrx_word' id='word_1_290' title='bbox 897 3489 1109 3550; x_wconf 88' lang='lat' dir='ltr'><strong>commentariis</strong></span> 
     </span>
     <span class='ocr_line' id='line_1_40' title="bbox 104 3589 899 3652; baseline -0.005 -9"><span class='ocrx_word' id='word_1_291' title='bbox 104 3602 226 3644; x_wconf 76' lang='lat' dir='ltr'><strong>raons.</strong></span> <span class='ocrx_word' id='word_1_292' title='bbox 250 3601 366 3644; x_wconf 78' lang='lat' dir='ltr'><strong>arnse.</strong></span> <span class='ocrx_word' id='word_1_293' title='bbox 880 3589 899 3652; x_wconf 84' lang='lat'>8</span> 
     </span>
    </p>
   </div>
   <div class='ocr_carea' id='block_1_4' title="bbox 0 0 1242 3909">
    <p class='ocr_par' dir='ltr' id='par_1_10' title="bbox 0 0 1242 3909">
     <span class='ocr_line' id='line_1_41' title="bbox 0 0 1242 3909; baseline 0 2"><span class='ocrx_word' id='word_1_294' title='bbox 0 0 1242 3909; x_wconf 95' lang='lat' dir='ltr'><strong> </strong></span> 
     </span>
    </p>
   </div>
  </div>
 </body>
</html>
