2475 3909
127 215 167 278 88
455 225 532 276 sax.
558 225 649 276 uuum
670 223 841 276 arcannm

126 397 233 460 equum
254 381 283 439 in
306 379 409 441 orbem
430 379 527 448 dexitr
545 379 652 441 deinde
672 397 737 440 eum
754 379 849 440 omnia
865 397 933 440 esse
954 379 1064 440 infesta
1086 379 1175 441 vidis·

126 473 190 540 set,
213 472 351 542 precatus
372 465 446 524 deos
460 466 489 524 in
502 464 615 526 medios
637 463 740 524 hostes
760 464 879 542 irrupit:
900 464 1006 542 quibus
1024 464 1175 542 inopinata

127 547 248 609 andacia
267 547 431 626 perculsis,
452 547 556 608 ducem
573 563 691 625 quoqne
708 563 809 607 eorum
831 547 984 609 trucidavit
1000 555 1104 626 atque,
1126 548 1175 606 ubi

125 649 196 710 spes
217 632 318 693 salutis
340 633 390 690 vix
412 633 615 710 superlucrat,
646 632 713 691 inde
738 633 834 711 opima
856 630 956 691 retulit
977 630 1087 710 spolia.

211 716 240 775 5.
284 713 315 774 L.
339 714 470 790 Paullus,
500 716 606 775 amisso
636 714 672 774 ed
695 713 809 774 Cannas
836 715 984 789 exercitu,
1015 714 1174 774 obierente

127 816 233 878 equum
253 797 375 858 Lentulo
403 814 460 876 quo
482 797 616 875 lugeret,
638 816 799 878 superesse
822 797 899 858 cladi
920 814 1096 876 quamquam
1118 816 1174 858 non

125 899 180 960 per
207 883 301 960 ipsum
324 885 492 942 contra'etae
514 880 626 958 noluit,
647 882 701 943 sed
723 883 753 941 in
774 898 811 942 eo
833 899 924 958 saxo,
947 883 993 942 cui
1016 901 1050 942 se
1071 881 1173 942 vnlne-

124 973 204 1025 ratus
232 964 446 1043 adelinaverat,
474 965 621 1044 persedit,
651 964 748 1026 donec
780 965 816 1026 ab
842 965 975 1026 hostibus
1008 965 1174 1046 obpressus

126 1046 345 1109 confoderetur.

211 1132 241 1193 6.
281 1129 376 1192 Varro
399 1132 516 1210 collega
535 1132 598 1192 eius
620 1131 670 1191 vel
691 1133 802 1193 maiore
818 1133 979 1192 constantia
1002 1140 1072 1210 post
1094 1149 1173 1192 eem-

126 1217 192 1276 dem
215 1213 330 1276 cladem
349 1217 439 1294 vixit,
466 1217 638 1294 gratiaeque
662 1217 689 1274 ei
712 1216 748 1276 ab
773 1224 874 1275 senatu
896 1224 925 1275 et
948 1215 1064 1294 populo
1086 1226 1173 1276 actae

126 1308 206 1375 sunt,
230 1299 308 1378 qnod
330 1316 388 1358 non
410 1299 601 1378 desperasset
623 1298 841 1379 rempublicam.
885 1297 951 1358 Non
974 1308 1073 1359 antem
1095 1301 1174 1360 vitae

125 1384 284 1463 eupiditate
305 1384 359 1444 sed
378 1382 561 1462 reipublicae
580 1399 680 1443 amore
695 1401 728 1444 se
748 1382 930 1462 superfuisse
952 1382 1070 1462 reliquo
1094 1393 1173 1443 aeta·

124 1469 163 1527 tis
186 1485 257 1528 suae
270 1477 403 1546 tempore
419 1465 607 1546 adprobavit:
627 1483 692 1527 narn
711 1475 740 1528 et
755 1465 874 1526 barbam
890 1465 1089 1545 capillumque
1106 1467 1173 1545 sub·

124 1551 201 1610 misit
231 1560 260 1610 ct
289 1559 394 1630 postea
417 1567 571 1629 numquam
597 1550 743 1611 recubans
770 1551 865 1610 cibum
888 1551 982 1629 cepit;
1007 1549 1173 1610 bonoribus

125 1651 260 1714 qnoque,
290 1653 356 1695 cum
383 1635 411 1695 ei
436 1634 622 1694 deferrentur
649 1652 665 1694 a
696 1634 824 1714 populo,
855 1635 1030 1694 renuntiavit
1057 1634 1172 1709 dicens,

124 1717 307 1779 felicioribus
327 1717 543 1796 magistratibus
563 1716 745 1796 reipublicae
767 1733 841 1795 opus
865 1735 944 1776 esse.

211 1805 240 1862 7.
282 1801 473 1881 Sempronius
495 1798 654 1860 Tuditanus
683 1809 714 1862 et
733 1800 785 1866 Gn.
808 1799 946 1860 Octauius
968 1799 1076 1866 tribuni
1099 1801 1169 1861 mili·

124 1893 200 1960 tunr,
225 1881 359 1944 omnibus
380 1884 452 1944 lusis
475 1883 511 1942 ad
534 1880 732 1944 Gannascum
755 1885 783 1944 in
803 1883 962 1944 minoribus
985 1885 1092 1944 castris
1116 1887 1168 1944 cir·

126 1967 383 2043 comederentur,
405 1975 558 2028 suaserunt
577 1967 837 2044 commilitonibus,
860 1968 1037 2045 stringerent
1052 1968 1169 2045 gladios

125 2060 156 2110 et
179 2067 235 2128 per
258 2049 383 2110 bostium
409 2051 556 2130 praesidia
583 2061 772 2130 erumperent
800 2067 915 2127 secum,
946 2051 976 2112 id
1004 2050 1061 2110 sibi
1085 2053 1168 2112 animi

124 2151 211 2210 esse,
234 2134 346 2194 etiamsi
364 2136 471 2195 nemini
486 2135 523 2196 ad
541 2136 747 2214 erumpendum
763 2135 883 2196 audacia
902 2144 1001 2209 esset,
1016 2134 1169 2196 adfirman-

124 2226 181 2278 tes.
223 2218 270 2278 lle
298 2220 498 2280 cunctantibus
527 2218 682 2280 duodecim
703 2220 818 2279 omnino
841 2219 1003 2296 equitibus,
1027 2219 1168 2297 quinque·

124 2303 205 2380 ginta
226 2303 390 2381 peditibus,
423 2306 472 2382 qui
492 2304 625 2364 comitari
649 2304 859 2380 sustinuerant,
887 2303 1033 2382 repertis,
1056 2303 1168 2364 incolu-

123 2403 188 2446 mes
208 2384 362 2447 Canusinm
383 2394 590 2465 pervenerunt.
1150 2403 1155 2412 ¹

209 2469 239 2530 8.
284 2469 318 2530 T.
342 2467 481 2528 Fonteius
502 2468 617 2544 legatus
639 2469 668 2529 in
685 2467 841 2548 Hispania,
861 2487 925 2529 cunr
945 2467 1037 2529 tribus
1053 2468 1173 2529 milibus

123 2552 269 2611 bominum
297 2551 465 2628 praedatum
493 2550 645 2629 proiectas
673 2553 801 2632 locoque
827 2554 925 2633 iniquo
953 2553 1172 2613 circumventus

123 2633 161 2694 ab
181 2632 380 2708 llasdrnbale,
406 2632 570 2713 adprimus
589 2643 697 2695 tantum
711 2636 832 2697 ordines
850 2637 945 2698 relato
961 2635 1105 2712 consilio,
1129 2638 1170 2695 in·

124 2717 252 2794 cipiente
275 2726 380 2793 nocte,
403 2734 462 2796 qno
483 2727 617 2797 tempore
637 2720 753 2782 minime
769 2721 1014 2800 exspectabatur,
1039 2737 1095 2798 per
1112 2728 1171 2780 sta-

13 2845 26 2867 ,
123 2801 220 2860 tiones
243 2799 368 2861 bostiam
389 2803 495 2882 erupit.

209 2883 239 2945 9.
281 2884 312 2945 Ρ.
338 2884 465 2962 llecias,
489 2886 622 2947 tribunus
646 2886 765 2948 militum
789 2885 870 2948 bello
894 2887 1069 2963 Samnitico,
1094 2883 1170 2946 Gor·

122 2969 202 3030 nelio
226 2966 322 3029 Cosso
343 2971 456 3030 consuli
476 2971 580 3048 iniquis
596 2970 672 3029 loeis
687 2968 875 3049 deprehenso
892 2969 928 3030 ab
948 2969 1083 3030 hostibus
1103 2987 1170 3030 sua·

122 3055 175 3130 sit,
201 3062 234 3113 ut
255 3052 292 3114 ad
319 3054 519 3132 occupandum
545 3053 670 3128 collem,
693 3055 792 3132 quiin
814 3055 979 3133 propinquo
1001 3062 1083 3128 erat,
1108 3071 1170 3113 rno-

122 3138 217 3197 dicam
247 3154 361 3198 manum
389 3137 534 3212 mitteret,
568 3153 663 3215 seque
696 3137 801 3198 ducem
834 3139 870 3196 iis
902 3138 951 3216 qui
981 3136 1171 3198 mittebantur

122 3219 236 3279 obtulit.
281 3220 431 3280 Avoeatns
459 3221 488 3279 in
514 3220 662 3280 diversum
683 3220 776 3283 hostis
800 3221 894 3282 emisit
916 3220 1084 3296 consulem,
1109 3220 1170 3281 De·

124 3301 200 3356 cium
221 3310 317 3360 antem
337 3305 427 3362 cinxit
446 3301 632 3380 obseditque.
675 3302 746 3364 illas
768 3321 886 3383 quoqne
907 3303 1055 3380 angustias
1078 3313 1169 3366 nocte

124 3380 279 3452 eruptione
304 3381 382 3442 lacta
411 3403 476 3444 eum
497 3386 643 3447 eluctatus
668 3395 750 3449 esset
771 3386 899 3466 Decius,
925 3387 1078 3448 incolumis
1102 3405 1168 3447 eum

122 3457 261 3518 militibus
279 3465 392 3523 consuli
409 3469 547 3544 accessit.
997 3463 998 3468 ’

1190 2370 1209 2413 f
