2475 3909
120 190 162 257 db
457 198 533 251 snx.
553 200 643 251 suun
664 198 835 257 nouum

125 356 218 419 suasit
239 354 414 417 discessisse
436 352 601 417 Romarm:
630 354 661 417 id
680 372 783 417 reram
803 351 1016 416 Crotonienses
1037 352 1171 415 arbitrati

125 441 262 503 dimisere
290 439 415 516 auxilia,
443 438 633 521 destitutique
659 438 928 521 propugnatoribus
955 446 986 500 et
1019 437 1170 518 inopinala

127 534 191 588 arte
208 522 328 585 invalidi
346 524 423 605 capti
445 532 520 585 suut.

208 608 239 671 5.
280 606 368 685 llago
394 606 454 669 dux
472 606 737 685 Carthaginiensis,
764 606 845 667 ricto
871 603 926 667 Cu.
954 606 1063 667 Pisone
1091 616 1124 667 et
1140 607 1170 665 iu

124 692 249 772 quadam
278 700 357 753 turre
387 690 601 773 circumsepto,
633 692 800 770 suspicatus
827 700 951 751 ventura
974 691 1004 751 ei
1025 690 1169 766 subsidia,

123 777 277 857 periugam
305 776 400 853 misit,
430 776 480 855 qui
507 774 703 857 persuaderet
729 773 1030 855 adpropinquantibus
1052 783 1171 854 captum

122 862 180 921 iam
205 857 356 919 Pisonem:
385 876 443 939 qua
471 860 585 920 ratione
612 858 765 921 deterritis
792 860 854 937 eis,
882 859 998 937 reliqua
1024 859 1169 920 victoriae

124 942 342 1004 consummavit.

209 1026 238 1087 6.
275 1024 447 1087 Alcibiades
468 1024 498 1085 in
518 1025 636 1103 Sicilia,
657 1042 723 1087 cum
744 1025 907 1101 Syracusas
931 1042 1041 1105 capere
1063 1024 1169 1101 vellet,

124 1128 164 1169 ex
180 1108 412 1186 Catiniensibus,
431 1110 509 1189 apud
524 1127 600 1191 quos
616 1118 686 1170 tnnc
699 1111 860 1169 exereitum
873 1109 1052 1187 continebat,
1068 1126 1169 1189 quem·

124 1193 190 1253 dam
216 1193 389 1271 exploratae
418 1194 571 1255 sollertiae
599 1193 731 1255 submisit
758 1193 796 1253 ad
820 1192 1034 1268 Syracusanos.
1085 1192 1170 1253 lsiu

124 1275 272 1357 publicum
295 1276 450 1338 concilium
476 1278 657 1339 introductus
678 1277 843 1356 persuasit,
871 1276 1079 1339 iniustissimos
1102 1294 1170 1337 esse

126 1358 312 1421 Catinienses
333 1360 562 1423 Atheniensibus
584 1368 632 1437 et,
652 1360 677 1421 si
693 1360 906 1421 'adiuvarentur
925 1381 942 1421 a
964 1360 1170 1437 Syracusanis,

125 1444 252 1505 futurum
273 1453 304 1507 ut
326 1444 526 1525 obprimerent
547 1462 601 1507 eos
623 1455 655 1505 et
674 1443 867 1505 Alcibiadem
913 1444 978 1518 Qua
997 1463 1033 1505 re
1052 1444 1172 1506 adducti

126 1528 302 1603 Syracusani
326 1530 471 1593 universis
501 1530 612 1591 viribus
640 1526 771 1591 Catinam
798 1528 919 1607 petituri
945 1537 1171 1607 processerunt,

125 1610 231 1675 relicta
252 1614 382 1691 ipsorum
405 1614 497 1685 urbe;
528 1632 614 1694 quam
634 1631 652 1675 a
675 1620 762 1691 tergo
783 1612 905 1673 adortus
926 1611 1100 1675 Alcibiades
1121 1612 1172 1673 de·

125 1694 267 1774 solatum,
289 1705 321 1757 ut
342 1707 529 1776 speraverat,
552 1697 675 1761 addixit.

212 1781 242 1840 7.
286 1778 464 1857 Cleonymus
477 1781 726 1843 Lacedaemonius
740 1780 933 1857 Troezenios,
952 1783 1001 1860 qui
1021 1779 1173 1859 praesidio

129 1862 244 1925 Crateri
268 1864 535 1942 remunerantur,
564 1866 741 1943 adgressus,
762 1866 823 1927 tela
839 1865 996 1944 quaedam,
1019 1863 1172 1942 inquibus

128 1947 269 2027 scriptum
291 1956 371 2025 erat,
393 1950 511 2011 venisse
528 1968 562 2011 se
576 1951 614 2012 ad
635 1949 817 2012 liberandam
832 1966 934 2009 eorum
950 1947 1172 2028 rempublicam,

125 2032 201 2090 iutra
220 2047 321 2091 muros
339 2032 423 2101 iecit;
447 2042 478 2096 et
498 2034 604 2097 eodem
626 2043 761 2113 ternpore
782 2036 916 2113 captivos
936 2033 1082 2112 quosdm
1104 2047 1172 2091 con·

127 2112 244 2175 ciliatos
273 2113 329 2176 sibi
360 2118 486 2195 remisit,
515 2120 565 2199 qui
594 2118 747 2180 Craterum
776 2117 984 2179 detractarent.
1033 2114 1093 2177 Per
1118 2114 1173 2176 boc

127 2196 280 2260 consilium
294 2198 438 2263 seditione
452 2202 586 2265 intestina
606 2202 683 2284 apud
699 2201 844 2263 obsessos
863 2200 1035 2278 conciliata,
1054 2200 1172 2263 admoto

128 2282 260 2349 exercitu
282 2284 391 2364 potitus
413 2295 459 2349 est
481 2287 610 2349 civitate.

521 2450 669 2515 curun
691 2414 770 2513 utu.

127 2578 176 2625 Dis
205 2577 392 2630 FLUMINUM
418 2576 662 2665 Dtissivdt'iomt
688 2582 736 2631 ΕΤ
758 2582 966 2631 ἮΉΑΤΙΟΝΕ
988 2580 1174 2642 AQUABUH·

216 2703 243 2763 1.
280 2701 312 2764 P.
333 2703 474 2765 Servilius
493 2700 621 2770 lesuram
640 2701 792 2782 oppidum,
808 2702 924 2769 domine
939 2720 979 2763 ex
992 2718 1052 2782 quo
1070 2702 1176 2763 hostes

128 2784 309 2865 aquabantur
330 2802 453 2863 averso,
476 2786 513 2847 ad
532 2785 709 2852 deditionem
730 2787 778 2847 siti
799 2786 950 2864 compulit.

215 2868 245 2928 2
299 2866 333 2929 C.
359 2866 470 2931 Caesar
503 2871 533 2929 in
559 2868 653 2932 Callia
684 2868 883 2932 Cadurcorum
912 2870 1062 2931 civitatem
1091 2884 1177 2927 amne

130 2952 255 3014 cinctam
283 2961 314 3013 et
340 2952 469 3015 lontibus
497 2952 692 3016 abundantem
716 2954 755 3017 ad
775 2956 904 3033 inoptam
930 2969 1025 3032 aquae
1044 2951 1177 3028 redegit,

129 3053 194 3096 cum
216 3035 313 3097 fontes
334 3036 476 3099 cuniculis
490 3038 650 3099 avertisset
671 3047 702 3098 et
716 3038 840 3101 llumiuis
862 3055 944 3098 usum
970 3053 1026 3117 per
1053 3036 1177 3111 sagitta·
1225 3017 1226 3092 l

129 3120 192 3179 rios
213 3120 367 3185 arcuisset.

216 3200 245 3260 3.
284 3200 320 3275 Q.
344 3201 481 3262 bletellus
508 3202 538 3263 in
556 3200 697 3281 Hispania
717 3202 856 3265 citeriore
883 3204 914 3263 iu
931 3212 1029 3265 castra
1046 3201 1178 3264 bostium
1224 3225 1225 3228 ¹

130 3278 229 3337 humili
257 3281 336 3339 loco
355 3286 450 3360 posita
478 3284 595 3346 lluvium
622 3304 661 3347 ex
684 3287 839 3363 superiore
866 3296 950 3367 parte
980 3288 1117 3365 immisit,
1149 3294 1178 3347 et

132 3356 227 3449 subita
247 3360 431 3427 inundatione
455 3367 587 3431 turbatos
615 3386 670 3448 per
696 3368 857 3451 dispositos
885 3371 916 3431 in
936 3370 995 3433 boc
1016 3372 1115 3453 ipsum
1136 3371 1176 3430 in·

133 3434 287 3497 srdtatores
309 3444 424 3504 cecidit.
