2475 3909
131 223 193 286 100
451 231 638 281 sensurus
661 231 833 280 unouruu

130 389 232 452 estad
254 397 368 469 portam
384 387 593 464 Trigeminam,
615 403 754 465 passuum
773 399 810 445 xl
831 383 938 444 milium
954 397 1038 454 cxc;
1063 385 1178 446 subter·
1229 397 1230 412 *

129 492 221 536 rauco
242 476 306 534 rivo
320 491 456 553 passuum
476 485 515 530 xl
536 471 766 537 milianum:
791 485 880 547 supra
899 478 1006 528 terram
1026 469 1178 529 substruc-

130 561 211 621 tione
239 567 269 618 et
297 567 417 617 arcuato
441 571 534 634 opere
562 557 696 632 proxime
724 561 838 632 portam
865 551 1013 632 Capenam
1037 571 1178 632 passuum

129 659 188 705 Lx.
232 635 362 719 Iungitur
384 643 412 700 ei
434 639 470 699 ad
485 641 575 716 Spem
586 639 727 697 Veterem
742 640 770 697 in
786 638 913 698 confinio
932 637 1085 697 hortorum
1104 637 1177 696 Tor·
1229 679 1230 686 κ

72 787 76 795 ,
130 731 331 810 quatiancrum
355 735 385 784 ct
409 723 625 789 Plautianorum
649 739 745 782 ramus
772 721 940 798 Augustae,
970 721 1007 781 ab
1038 721 1176 798 Augusto
1229 741 1230 762 ¹

129 817 159 873 in
181 811 415 891 supplementum
443 809 505 866 eius
527 806 657 883 additus,
685 807 822 884 imposito
851 808 1024 883 cognomine
1051 823 1176 884 respon·

129 897 210 956 denti
232 893 437 954 Gemeiiarum.
482 889 536 950 iiic
554 893 602 950 via
624 889 810 950 Praenestina
834 889 869 948 ad
891 890 1043 949 miliarium
1064 903 1114 965 vl,
1137 889 1176 949 di-

129 977 274 1038 verticulo
301 977 486 1036 sinistrorsus
517 992 653 1053 passuum
681 985 908 1050 Dcccccxxx,
935 977 1072 1053 proxime
1100 976 1177 1033 viam

130 1059 287 1122 Collatiam
318 1061 427 1138 accipit
452 1057 579 1125 fontem3
610 1059 692 1117 cuius
720 1059 822 1118 ductus
850 1075 944 1136 usque
966 1059 1003 1118 ad
1024 1057 1176 1118 Gemellas

130 1145 222 1206 efficit
246 1145 310 1204 rivo
337 1143 530 1202 subterraneo
552 1160 658 1220 passus
684 1155 721 1201 v1
746 1142 822 1201 milia
853 1153 1025 1202 ccccxxx.
1069 1142 1176 1220 Incipit

129 1229 263 1291 distribui
286 1227 383 1306 Appia
402 1229 460 1286 imo
482 1226 604 1287 Publicii
628 1225 705 1285 clivo
728 1227 763 1286 ad
782 1235 896 1305 portam
919 1226 1122 1303 Trigeminam.

215 1313 245 1375 6.
284 1311 355 1373 Post
375 1327 467 1371 anuos
486 1325 551 1388 XL,
572 1328 657 1390 quarn
679 1311 776 1389 Appia
800 1310 940 1389 perducta
960 1321 1021 1386 est,
1044 1327 1120 1370 auno
1139 1309 1178 1368 ab.

129 1398 205 1459 urbe
228 1397 345 1459 condita
374 1406 588 1470 ccccbxxxl,
615 1393 667 1454 Μ’.
691 1393 796 1454 Curius
818 1394 977 1471 Dentatus,
998 1397 1047 1472 qui
1070 1411 1175 1454 censu·

129 1501 191 1543 ram
211 1497 275 1541 cum
290 1479 321 1540 b.
344 1478 460 1558 Papirio
476 1478 605 1538 Cursore
627 1480 736 1555 gessit,
758 1477 895 1553 Anionis,
920 1479 968 1556 qui
989 1497 1066 1538 nunc
1080 1478 1175 1538 Vetus

129 1567 249 1642 dicitur,
273 1581 376 1642 aquarn
391 1562 607 1642 perducendam
628 1565 656 1620 in
670 1563 772 1621 urbem
792 1581 829 1622 ex
846 1563 987 1622 manubiis
1003 1563 1040 1622 de
1061 1562 1175 1638 Pyrrbo

129 1651 225 1728 captis
254 1649 381 1722 locavit,
412 1649 463 1726 Sp.
488 1646 635 1721 Carvilio,
664 1645 694 1705 L.
717 1645 833 1725 Papirio
863 1645 1032 1706 consulibus
1056 1648 1173 1706 iterum,

129 1733 201 1794 Posi
222 1732 368 1792 biennium
396 1727 501 1790 deinde
523 1740 618 1789 actum
638 1739 684 1789 est
706 1730 734 1788 in
763 1739 864 1790 senatu
887 1731 924 1790 de
946 1731 1173 1790 consummando

130 1819 194 1877 eius
213 1833 307 1894 aquae
326 1831 436 1893 operc;
455 1814 659 1892 frequentibus
675 1823 769 1874 autem
780 1814 974 1874 Romanorum
987 1815 1075 1874 bellis
1088 1831 1175 1892 prae·

129 1903 283 1973 termisso,
306 1898 420 1956 demum
442 1907 510 1976 post
530 1914 636 1956 nonum
663 1915 764 1958 annum
786 1917 886 1958 rursus
903 1898 1037 1958 biinutius
1053 1907 1175 1977 praetor

129 2001 193 2044 rem
221 1980 330 2041 retulit.
375 1979 446 2040 Tum
472 1999 511 2040 ex
529 1991 648 2041 senatus
670 1982 803 2042 consulto
827 1983 966 2042 duumviri
988 2001 1083 2061 aquae
1107 2001 1173 2065 ppr-

130 2065 395 2128 duccudac·creati
410 2075 493 2141 sunt,
514 2063 636 2141 Curius,
661 2068 710 2145 qui
731 2085 795 2127 eam
815 2067 981 2140 locaverat,
1005 2076 1035 2125 et
1053 2065 1174 2126 Fulvius

128 2149 265 2212 Flaccus.
300 2147 403 2210 Curius
416 2152 490 2211 iutra
506 2154 634 2230 quintum
652 2150 744 2227 diem,
765 2169 849 2229 quam
865 2160 927 2209 erat
943 2151 1075 2210 duumvir
1092 2169 1173 2210 crea·

129 2245 195 2312 tus,
219 2235 363 2296 decessit:
391 2235 487 2312 gioria
513 2236 674 2315 perductae
697 2236 834 2314 pertinuit
854 2234 889 2294 ad
908 2233 1049 2294 Fulvium.
1097 2232 1173 2293 Cou-

131 2322 238 2399 cipitur
263 2320 340 2379 nnio
366 2320 459 2378 Vetus
485 2338 574 2398 supra
601 2319 691 2378 Tibur
718 2332 768 2378 xx
795 2319 917 2378 miliario
948 2327 1030 2378 extra
1058 2328 1174 2397 portam

128 2403 287 2477 Baranam,
315 2403 364 2461 ubi
392 2413 505 2480 partem
528 2403 575 2462 dat
602 2406 631 2462 in
659 2402 817 2462 Tiburtium
840 2421 930 2462 usum.
975 2402 1089 2462 Ductus
1113 2404 1175 2462 eius

129 2486 220 2546 babet
239 2485 465 2561 longitudinem,
487 2487 526 2544 itu
549 2488 688 2562 exigente
710 2485 898 2562 libramento,
922 2504 1059 2564 passuum
1086 2501 1175 2546 xum

129 2570 253 2627 milium:
281 2585 319 2625 ex
346 2585 383 2625 eo
404 2570 484 2626 rivus
507 2577 552 2627 est
578 2569 785 2630 subterraneus
810 2587 946 2648 passuum
969 2585 1042 2630 XLII
1063 2569 1176 2630 milium

130 2663 326 2716 Dccbxxm
348 2650 525 2712 substructio
547 2671 634 2731 supra
656 2663 761 2714 terram
781 2673 918 2733 passuum
939 2667 1055 2715 ccxxl.

217 2737 247 2793 7.
291 2733 361 2794 Post
383 2751 474 2794 annos
503 2749 639 2812 cxxvn,
667 2737 694 2797 id
721 2749 765 2798 est
792 2755 867 2798 anno
896 2738 931 2798 ab
960 2738 1033 2797 urbe
1055 2738 1176 2798 condita

131 2831 261 2895 Dcvm,
280 2819 345 2878 Ser.
364 2819 495 2899 Sulpicio
510 2821 602 2882 Galba
620 2839 684 2880 curn
702 2821 732 2881 L.
750 2823 872 2882 Aurelio
889 2821 974 2882 Cotta
991 2823 1175 2896 consulibus,

132 2923 196 2971 cum
218 2904 333 2983 Appiae
357 2904 538 2984 Anionisque
560 2907 682 2980 ductus,
706 2915 852 2966 vetustate
876 2909 1020 2985 quassati,
1045 2909 1175 2985 privato·

130 3007 193 3049 rum
215 2990 301 3048 etiam
322 2987 470 3050 fraudibus
491 2993 752 3069 interciperentur,
773 2990 870 3050 datum
894 2999 939 3050 est
962 3000 1103 3050 asenam
1126 3010 1176 3050 ne-

132 3076 242 3151 gotium
258 3072 385 3147 biarcio,
416 3077 464 3151 qui
483 3083 541 3139 tum
562 3083 682 3152 praetor
699 3076 774 3134 inter
791 3077 871 3134 cives
891 3083 920 3134 et
930 3078 1115 3155 peregrinos
1133 3078 1176 3134 ius

66 3225 74 3241 s
132 3157 264 3231 dicebat,
289 3175 389 3216 eorum
403 3159 538 3217 ductuum
560 3157 784 3218 reficiendorum
803 3178 837 3220 ac
853 3158 1104 3219 vindicandorum.
1141 3159 1176 3218 Et

132 3240 266 3314 quoniam
288 3242 495 3299 incrementum
513 3241 592 3300 urbis
615 3244 738 3319 exigere
758 3242 911 3303 videbatur
927 3245 1101 3321 ampliorem
1117 3261 1176 3303 rno-

132 3319 198 3375 dum
220 3337 328 3394 aquae,
349 3324 443 3382 cidem
462 3325 625 3383 mandatum
647 3343 663 3384 a
687 3335 788 3385 senatu
812 3335 868 3404 est,
891 3336 922 3385 ut
944 3337 1081 3403 curaret,
1107 3347 1175 3407 qua·
1229 3323 1230 3350 *

131 3405 216 3488 tenus
241 3401 312 3456 alias
337 3422 427 3478 aquas
461 3425 533 3483 quas
560 3418 663 3486 posset
695 3409 723 3466 in
750 3409 853 3468 urbem
878 3411 1067 3488 perduceret.
1122 3413 1177 3486 Qui
1229 3437 1230 3452 ¹

131 3475 230 3548 lapide
241 3480 381 3550 quadrato
398 3488 556 3561 ampliores
569 3491 672 3549 ductus
684 3493 831 3567 excitauit,
846 3510 960 3571 perque
973 3494 1042 3554 illos
1059 3513 1176 3574 aquarn,
