2475 3909
91 222 128 269 VI
512 217 713 269 PRAEFATIO

90 392 183 449 poene
199 374 236 433 de
251 376 339 432 verbo
354 375 507 447 exscripsit
520 375 685 447 Frontinus,
704 392 792 448 quote
809 391 847 432 ex
861 375 963 434 eodem
977 379 1050 435 intra
1069 379 1145 437 inse

92 462 137 517 rui
152 466 178 518 et
197 476 280 516 anno.
315 460 422 517 Antea:
436 460 472 515 A.
484 458 620 517 Manlius.

177 542 249 615 'Gon
265 542 302 599 X.
318 550 343 603 1.
359 544 548 613 valentiorem)
564 560 602 600 so.
619 560 734 616 equum,
748 542 768 599 i.
781 558 807 598 e.
822 544 986 601 valentioris
1001 546 1067 616 equi
1078 562 1144 602 oau-

3 634 7 639 “
95 628 170 687 dam.
207 627 249 685 cl.
265 626 314 683 IV.
328 633 354 697 7,
371 632 399 687 o.
414 619 429 707 ss
443 633 471 687 2.
487 630 548 685 tntis
561 633 587 685 et
598 628 712 697 einen.)
738 625 787 684 Sic
807 643 825 681 e
840 628 970 700 vestigiis
985 646 1055 685 mss.
1077 630 1144 701 legi,

93 729 146 785 pro
162 706 218 767 tum
237 712 361 783 uimque
382 716 409 767 et
424 713 484 767 sine
494 728 572 767 nona
587 719 639 767 ort.
667 704 681 789 ΙΙ
709 715 737 769 1.
752 711 806 765 ribi
820 714 900 781 tent.)
913 713 966 769 ribi
977 714 1144 770 revocatio

94 796 173 853 libris
187 794 280 851 bonis.
296 785 310 873 Η
324 794 472 850 cormorditi
492 797 522 849 in
536 797 621 865 moer)
636 796 655 850 i.
679 812 706 849 e.
721 795 875 851 concordii
889 797 977 867 civili,
992 796 1146 853 concordii

95 880 200 937 civium
213 878 284 933 inter
308 893 341 933 se
357 877 429 933 orti.
457 878 554 947 „Weil
570 894 603 935 es
625 877 693 947 (dns
708 880 780 933 rim.
795 878 886 949 Volk)
901 880 931 941 in
952 880 1146 954 birgerlieher

47 1020 48 1025 ,
95 960 240 1019 Eintrooht
254 962 402 1017 enstorken
416 962 551 1019 konnte.“

182 1042 251 1116 Cap.
265 1044 312 1101 Xl.
328 1051 355 1104 3.
372 1047 522 1118 roipert.)
539 1044 700 1115 emendavi,
723 1059 777 1115 pro
796 1058 858 1103 run.
887 1044 929 1101 ct.
944 1046 966 1106 Ι.
983 1053 1010 1117 5,
1027 1052 1078 1107 16:
1100 1050 1149 1104 eni

95 1133 275 1199 contemptur.
302 1127 435 1186 Conlebr.
455 1131 647 1202 eupermnrio.
662 1120 676 1207 ΙΙ
689 1133 718 1187 3.
732 1129 914 1199 eniterentur)
936 1130 977 1187 lto
995 1132 1057 1200 (aut
1077 1133 1147 1187 nite·

96 1213 208 1281 rentur)
223 1212 349 1277 nonnulli
363 1212 441 1270 librir
462 1212 541 1284 quod
557 1213 686 1269 subtilius
707 1214 825 1267 verbum
842 1219 902 1281 est,
924 1230 1007 1285 quam
1023 1215 1101 1285 quod
1115 1216 1148 1270 li·

96 1296 198 1351 brutiis
217 1295 361 1353 debeatur.
393 1295 483 1365 „Sieh
498 1297 656 1353 eulriohten
676 1294 738 1351 und
757 1311 911 1351 ermonnen
933 1314 985 1353 nus
1008 1297 1060 1353 der
1080 1298 1148 1353 Nie-

98 1376 387 1453 dergesehlogenheil
400 1379 461 1436 und
475 1381 665 1453 Verwirrung
680 1378 820 1450 (consutio
837 1382 980 1449 anbnir).“
1017 1383 1148 1451 Plerique

99 1463 162 1520 libri
176 1470 341 1535 coqermmr
356 1464 411 1533 (so.
426 1463 464 1519 ad
483 1468 633 1537 pugnum).
664 1462 736 1520 Oud.
752 1464 936 1535 eniterentur.
964 1464 1012 1519 An
1025 1467 1149 1521 nondin-

98 1550 219 1603 reninr?
251 1563 306 1619 quo
329 1550 418 1604 verbo
447 1548 476 1602 in
501 1564 536 1604 eo
559 1565 591 1604 re
618 1548 702 1603 utitur
727 1552 825 1601 noster
849 1548 921 1604 inira
944 1552 974 1605 4.
995 1552 1023 1607 6.
1050 1553 1094 1608 19.
1121 1554 1150 1604 et

99 1631 176 1687 alibi.
191 1622 204 1709 Η
219 1635 245 1690 7.
261 1631 355 1687 eodem
375 1632 420 1686 die
440 1634 543 1700 classe,
558 1647 612 1703 qno
633 1636 712 1685 terro
725 1630 791 1699 oie.)
818 1630 859 1685 lta
876 1631 967 1685 locum
988 1632 1149 1687 sanandum

100 1731 167 1771 esse
182 1714 287 1787 putavi.
314 1714 423 1785 Vulgo:
441 1713 598 1783 eodemdie,
614 1713 837 1785 quietiorem.
866 1705 880 1791 ΙΙ
909 1719 936 1773 9.
955 1716 1051 1783 orum)
1072 1715 1149 1771 Libri

100 1814 193 1853 arma.
228 1796 303 1851 lnlra
319 1796 425 1851 inserui
438 1798 582 1853 duoteum
597 1796 720 1851 Herelio.
735 1788 749 1874 ΙΙ
764 1801 809 1856 13.
824 1811 873 1865 en,
895 1814 952 1869 qun
973 1800 1041 1854 tolia
1058 1805 1151 1869 erunt,

100 1883 185 1953 quoe)
201 1881 218 1935 i.
234 1897 258 1936 e.
275 1895 309 1933 ea
321 1885 412 1951 parte,
428 1895 483 1951 qua
500 1879 607 1951 (parte)
622 1896 659 1936 ea
675 1879 917 1953 (strategemate),
939 1898 1011 1953 quae
1032 1884 1150 1955 exeogi·

99 1967 238 2031 labantur,
254 1963 320 2017 talia
335 1968 425 2031 erunt,
440 1969 470 2019 ut
484 1978 519 2019 ea
534 1980 551 2019 a
565 1962 625 2020 Diis
647 1980 684 2019 m.
706 1980 771 2021 esse
793 1963 952 2023 ereduntur.
980 1966 1021 2021 lto
1041 1967 1150 2023 restitui

102 2048 258 2119 equinque
273 2046 361 2105 libris.
392 2046 477 2119 Vulg.
491 2060 532 2114 eo,
553 2062 627 2121 quae
647 2048 714 2103 tolie
735 2054 831 2117 eruent,
854 2051 971 2123 encoyit.
999 2042 1013 2128 ΙΙ
1038 2054 1083 2109 14.
1099 2068 1149 2105 ro-

95 2132 216 2203 puissei)
239 2130 257 2185 i.
275 2146 300 2186 e.
320 2130 486 2188 imbibisset.

189 2208 257 2286 Cap.
280 2213 340 2269 Xll.
362 2217 389 2271 3.
410 2215 445 2271 P.
471 2214 580 2286 Sempr.
611 2213 735 2285 Sophus)
760 2214 846 2285 Vulg.
871 2215 903 2270 Τ.
926 2214 1037 2287 Sempr.
1060 2216 1150 2272 Grae-

103 2296 181 2354 clms.
203 2290 216 2377 1]
238 2304 263 2357 5.
278 2296 449 2367 muneribus)
464 2298 542 2353 Leid.
559 2299 697 2354 mortibus.
728 2295 818 2352 Ceteri
830 2298 983 2371 funeribus.
1010 2292 1024 2377 ΙΙ
1050 2304 1078 2360 7.
1092 2318 1150 2372 pro

102 2388 139 2438 ir.
154 2386 332 2455 enumeretur
342 2384 413 2453 tion.
432 2383 510 2436 etsie
528 2379 618 2452 cons.)
654 2380 695 2434 Ita
716 2395 753 2435 ex
771 2382 898 2439 Petrens.
917 2376 1033 2438 restitui.
1064 2384 1150 2457 Vulg.

1 2509 3 2513 ,
98 2480 156 2537 pro
174 2470 209 2521 tr.
230 2465 431 2536 siqnifiootione
449 2463 560 2535 confusi
577 2464 634 2518 mil.
669 2461 728 2519 Sed
749 2480 848 2522 omnes
869 2466 953 2522 codd.
973 2468 1152 2538 interponunt

103 2550 291 2620 anniteretur.
324 2546 365 2604 Gi.
380 2551 413 2605 8:
429 2563 487 2619 pro
505 2552 606 2603 ostemo
617 2547 786 2618 exciperent.
807 2539 821 2629 ΙΙ
841 2555 868 2609 8.
889 2550 1044 2607 imminente
1059 2555 1151 2621 noete)

102 2631 164 2686 Liv.
178 2630 274 2686 XLIV.
291 2632 335 2687 37.
355 2628 442 2701 Vulg.
462 2632 643 2685 imminentem
663 2631 738 2699 (sine
754 2635 859 2702 nocte)=
883 2633 959 2705 quod
977 2634 1152 2705 superfluum

97 2718 218 2785 ‘propter
233 2728 293 2783 seq.
307 2712 444 2785 ficturum.
462 2712 574 2791 'Medio
587 2716 750 2770 imminente.
765 2708 780 2793 Η
795 2721 821 2776 9.
833 2719 913 2791 quia)
929 2716 977 2775 Sie
989 2718 1151 2791 legendum,

104 2812 244 2869 nonque.

189 2881 250 2935 Lib.
267 2878 301 2934 IL
319 2892 382 2949 cop.
397 2876 419 2934 Ι.
433 2887 459 2940 l.
473 2884 590 2951 oriente)
616 2880 691 2938 Libri
705 2882 786 2940 haud
799 2885 884 2956 pauni
898 2886 1043 2940 inoriente.
1077 2885 1153 2940 Intra

105 2970 154 3027 15:
167 2965 273 3020 orientii
285 2964 378 3019 rtotm
399 2960 450 3019 die.
479 2964 563 3021 Haud
577 2968 667 3023 semel
680 2967 710 3023 in
717 2969 841 3023 Frontini
854 2967 938 3023 codd.
953 2974 1057 3023 temere
1070 2985 1153 3041 prae·

104 3045 199 3118 ligitur
215 3048 325 3120 syllaba
337 3048 377 3102 in.
390 3037 404 3126 ΙΙ
419 3050 448 3107 3.
463 3046 652 3120 Sertorianos)
666 3052 751 3123 Vulg.
766 3069 850 3124 quum
868 3051 939 3107 Seri.
994 3057 1022 3110 4.
1045 3061 1071 3107 et
1090 3069 1153 3108 eum

104 3130 192 3200 ined.)
219 3132 261 3185 lto
282 3146 382 3187 omnes
398 3148 466 3188 mss.
482 3138 510 3187 et
525 3132 592 3189 edd.
610 3139 669 3190 vet.
705 3136 799 3207 Vulgo
820 3152 876 3191 om.
894 3141 928 3191 et.
1000 3141 1027 3195 6.
1048 3141 1152 3206 essem)

106 3210 179 3265 Oud.
194 3214 285 3267 noent
302 3208 315 3289 ΙΙ
330 3219 357 3273 8.
372 3217 514 3290 inprime
533 3218 606 3285 norb)
636 3217 713 3284 „den
733 3220 770 3274 im
790 3218 1001 3274 Vorderlrell'en
1020 3220 1154 3291 pliitzlieh

106 3293 156 3347 mit
170 3294 246 3349 allen
261 3294 376 3352 liriilten
390 3298 603 3372 ongegriil'enen
624 3301 744 3358 Feind.“
773 3302 903 3359 Brevitas
927 3302 1034 3358 inducit
1053 3306 1154 3361 obseu-

106 3376 226 3432 ritatem.
252 3377 298 3432 An
313 3379 479 3451 legendum:
496 3384 569 3439 adm.
583 3386 663 3440 etiam
673 3386 802 3454 nebridio,
815 3388 933 3442 collectis
946 3389 976 3441 in
987 3388 1081 3456 primo
1092 3390 1155 3443 oeie

106 3461 179 3516 unii).
192 3459 302 3533 viribon,
323 3478 404 3537 oppr.
414 3463 442 3536 s.
456 3465 577 3525 moion?
597 3468 629 3525 ln
642 3469 746 3527 eodem
759 3486 790 3525 re
803 3471 900 3527 Livius
914 3469 948 3525 Χ.
962 3474 1015 3530 29:
1036 3472 1154 3527 collectio
