2475 3909
137 226 199 288 116
469 235 547 286 SEX.
570 235 660 286 mm
681 233 852 285 uacuam

135 408 299 453 mensuram
326 391 391 468 egi,
419 407 496 469 quac
516 391 608 451 efficit
628 391 773 470 quinarias
796 403 823 450 11
844 389 922 450 mihia
940 403 1021 450 D1v:
1052 390 1197 468 amplius,

137 495 224 556 quam
245 477 275 536 in
293 477 524 550 commentariis,
553 476 693 554 quinariis
715 487 871 536 sancum.
917 472 1058 534 Omnibus
1081 475 1198 553 adpro·

136 561 218 622 butio
246 569 347 620 nostra
376 558 595 638 expeditissima
625 569 687 620 est:
723 567 830 635 erogat
859 560 934 618 enim
962 575 1085 635 omnes,
1119 577 1197 637 quas

137 661 273 705 mensura
294 643 554 721 deprehendimus,
578 644 608 703 id
631 652 676 702 est
697 657 724 703 11
743 643 821 702 milia
841 655 914 702 mv.

225 729 277 788 71.
321 728 484 788 Alsietiuae
505 729 708 805 conceptionis
728 726 832 786 modus
853 744 910 787 uec
925 727 954 785 in
971 726 1196 786 commentariis

139 813 304 890 adscriptus
336 820 400 885 est,
433 829 491 871 nec
521 813 550 870 iu
576 829 611 870 re
639 811 788 889 praesenti
811 819 911 870 certus
932 812 1055 870 inveniri
1078 811 1192 887 potuit:

139 913 205 956 cum
230 913 269 954 ex
295 894 361 955 iacu
383 894 530 955 Alsietino
555 903 585 954 et
608 895 715 955 deinde
738 895 817 954 circu
841 892 962 955 Careias
985 913 1023 954 ex
1046 893 1193 955 Sabatino

137 979 280 1057 accipiat,
311 987 447 1056 quantum
475 980 588 1058 aquarii
617 987 864 1059 temperaverunt.
910 978 1055 1039 Alsietina
1084 987 1193 1056 erogat

138 1065 285 1141 quinarias
305 1074 453 1122 cccxcn.

226 1146 277 1208 72.
322 1143 460 1219 Claudia,
484 1145 677 1207 abundantior
699 1147 780 1222 aliis,
804 1147 929 1206 maxime
950 1147 1071 1206 iniuriae
1094 1163 1192 1224 expo·

143 1231 199 1292 sita
217 1240 272 1291 est.
316 1229 349 1291 lu
368 1231 583 1289 commentariis
604 1229 694 1290 habet
711 1247 769 1290 nou
791 1231 858 1309 pius
873 1230 1013 1310 quinariis
1027 1244 1053 1289 11
1069 1229 1191 1288 milibus

140 1328 293 1383 ticceau:
316 1332 382 1374 cum
400 1315 438 1375 ad
459 1323 547 1393 caput
567 1315 728 1376 invenerim
745 1315 891 1395 quinarias
914 1327 951 1374 1v
973 1313 1052 1374 milia
1073 1326 1189 1374 Dcvn:

140 1400 282 1478 amplius,
305 1417 392 1478 quum
412 1401 442 1459 iu
464 1401 696 1475 commentariis,
716 1411 874 1460 unoculi.
918 1398 1003 1458 Adeo
1025 1407 1125 1458 autern
1139 1415 1188 1456 uo·

142 1493 201 1544 stra
230 1485 341 1543 certior
370 1491 416 1542 est
442 1499 592 1558 mensura,
620 1491 653 1542 ut
681 1483 717 1544 ad
745 1497 796 1544 vn
822 1482 859 1543 ab
885 1482 959 1542 urbe
984 1481 1143 1542 miliarium
1164 1483 1189 1540 in

14 1579 18 1587 ’
142 1568 272 1646 piscina,
296 1567 346 1626 ubi
367 1566 544 1628 indubitatae
561 1584 716 1627 mensurae
737 1576 819 1643 sunt,
842 1568 1020 1627 inveniamus
1040 1567 1189 1646 quinarias

141 1665 182 1711 111
208 1651 286 1711 miiia
312 1663 444 1711 ccum:
474 1651 556 1728 pius,
587 1667 674 1728 quam
697 1653 726 1710 in
752 1653 981 1727 commentariis,
1011 1663 1188 1712 ccconvu:

142 1737 273 1813 quamuis
298 1744 328 1794 et
349 1752 388 1795 ex
407 1734 560 1794 beneflciis
580 1745 648 1796 anta
669 1737 808 1814 piscinam
831 1743 953 1812 eroget,
982 1744 1012 1796 et
1035 1736 1188 1815 plurimum

142 1818 274 1879 subtrahi
299 1818 597 1895 deprehenderimus,
629 1819 756 1898 ideoque
778 1822 870 1880 minus
893 1821 1072 1895 inveniatur,
1106 1835 1188 1898 quum

141 1919 176 1962 re
199 1919 269 1962 vera
290 1919 359 1960 esse
379 1900 503 1976 debeat,
527 1903 665 1979 quinariis
685 1915 835 1966 mccxcv.
880 1902 964 1964 Circa
985 1905 1188 1979 erogationem

141 1994 237 2046 autem
260 1985 340 2044 fraus
361 1984 500 2063 adparet,
524 2002 600 2064 quae
620 2003 718 2065 neque
740 1988 776 2048 ad
797 1988 1069 2048 commentariorum
1093 1988 1187 2061 fidem,

141 2085 239 2147 neque
262 2068 299 2127 ad
319 2085 389 2142 eus,
416 2087 489 2148 quas
511 2070 548 2130 ad
572 2079 660 2148 caput
680 2074 809 2148 egimus,
837 2090 1002 2146 mensuras,
1030 2089 1131 2149 neque
1154 2073 1187 2131 ad

141 2152 208 2213 illas
227 2152 332 2213 saitem
353 2152 390 2214 ad
413 2155 570 2232 piscinam,
591 2154 706 2215 scilicet
727 2165 796 2234 post
817 2165 861 2216 tot
882 2157 1016 2230 iniurias,
1041 2159 1186 2216 convenit.

142 2237 234 2298 Solae
257 2239 334 2298 enim
355 2240 503 2316 quinariae
525 2251 644 2300 111>ch
667 2249 841 2317 erogantur:
869 2242 978 2315 minus,
1000 2258 1090 2320 quam
1113 2258 1187 2300 com·

142 2323 349 2383 meutariorum
372 2325 447 2382 ratio
472 2324 540 2397 dat,
569 2324 706 2402 quinariis
730 2337 816 2394 mcv;
845 2327 938 2384 minus
959 2333 1073 2400 autem,
1105 2343 1186 2403 quam

143 2405 360 2489 mensuraead
386 2415 471 2483 caput
492 2406 589 2465 iactae
611 2406 899 2482 demonstravemnt,
928 2410 1067 2486 quinariis
1091 2423 1118 2468 11
1139 2413 1186 2468 mi·

143 2488 220 2548 libus
246 2499 448 2553 cocceam:
480 2490 572 2548 minus
599 2492 700 2566 etiam,
733 2510 817 2570 quam
845 2495 873 2552 in
895 2494 1006 2570 piscina
1033 2494 1185 2567 invenitur,

143 2571 281 2646 quinariis
310 2582 451 2629 arnbxn.
493 2570 624 2648 ldeoque
652 2592 716 2633 cum
743 2577 857 2636 sincera
883 2578 912 2636 in
939 2577 1042 2636 urbem
1067 2580 1186 2657 proprio

142 2653 207 2711 rivo
229 2653 414 2728 perveniret,
442 2655 472 2712 iu
493 2654 567 2714 urbe
591 2657 768 2718 miscebatur
789 2678 853 2719 cum
875 2660 990 2720 Anione
1011 2659 1117 2738 Novo,
1149 2672 1185 2735 ut,

144 2735 318 2796 confusione
341 2735 435 2814 iactu,
465 2747 496 2798 et
523 2743 681 2818 conceptio
704 2759 802 2802 carum
826 2754 856 2804 ct
876 2746 1009 2821 erogatio
1033 2756 1117 2806 esset
1139 2746 1185 2806 ob-

142 2820 267 2881 scurior.
313 2819 444 2895 Quodsi
468 2824 516 2902 qui
538 2842 584 2884 me
594 2826 683 2890 ‚forte
705 2827 925 2904 adquisitionum
947 2831 1093 2889 mensuris
1110 2831 1184 2891 hian·

143 2906 198 2966 diri
230 2913 347 2985 putant,
381 2906 553 2968 admonendi
583 2918 667 2984 sunt,
706 2911 781 2971 adeo
810 2910 938 2973 Curtium
969 2923 1000 2972 et
1033 2911 1183 2975 Caerulum

142 2991 241 3050 fontes
259 3008 353 3070 aquae
368 2987 510 3051 Claudiae
531 2991 670 3052 suidcere
685 2994 720 3054 ad
739 2998 929 3072 praestandas
945 2998 1043 3058 ductui
1059 3017 1114 3059 suo
1128 3002 1183 3078 qui·

143 3077 257 3150 narius,
285 3093 358 3153 quas
382 3075 558 3150 significavi,
586 3089 623 3136 iv
645 3076 721 3137 milia
743 3089 856 3155 Dovn,
886 3089 917 3140 ut
938 3090 1095 3159 praeterea
1116 3096 1182 3144 nanu

143 3158 335 3218 effundantur.
380 3157 443 3217 Nec
461 3174 499 3217 eo
513 3158 640 3236 inficias,
664 3163 733 3238 quin
748 3178 800 3238 aa,
822 3181 898 3241 quae
913 3165 1113 3244 superfluunt,
1132 3185 1181 3227 uou

143 3242 200 3330 siut
214 3244 335 3316 proprie
350 3240 451 3298 borum
465 3242 602 3301 fontium:
626 3246 777 3322 cupiuntur
790 3249 866 3308 enim
882 3267 920 3307 ex
931 3248 1082 3326 Augusta,
1105 3270 1180 3330 quam

144 3329 289 3378 ruveutam
319 3325 348 3380 in
374 3321 501 3383 Marciae
530 3326 779 3403 supplementum,
813 3330 880 3389 dum
909 3330 960 3390 iila
988 3349 1047 3392 uon
1068 3336 1178 3412 indiget,

144 3394 301 3455 adiecimus
321 3403 449 3462 fontibus
469 3403 625 3485 Claudiae,
649 3413 778 3487 quamvis
797 3429 833 3470 ue
852 3413 935 3474 huius
952 3417 1071 3492 quidem
1088 3420 1179 3479 ductus

145 3486 258 3531 omnem
279 3493 383 3551 aquam
404 3487 538 3562 recipiat.
