2475 3909
283 220 625 273 suuuuuesuuurcou
643 224 715 273 nm.
729 225 769 273 11.
792 224 869 274 cnr.
892 225 917 272 1.
1081 210 1121 272 27

495 376 647 439 CAPUT
676 378 699 438 l.

257 508 305 555 on
327 507 492 555 raucone
512 507 560 554 uo
579 508 726 555 euenum
748 508 941 557 acroenum

163 630 191 688 l.
237 628 269 687 Ρ.
291 632 392 710 Scipio
413 631 441 689 iu
457 627 596 707 Hispania
617 613 682 690 burn
703 630 897 708 comperisset
913 629 1124 691 Hasdrubalem

73 714 241 774 Poenorum
264 716 366 776 ducem
390 714 486 773 ieiuno
504 714 637 773 exercitu
655 731 739 773 mane
759 716 946 792 processisse
968 716 997 774 in
1018 717 1123 788 aciem,

74 798 216 857 continuit
244 798 272 858 in
299 799 400 859 horam
429 799 580 877 septimam
606 814 693 873 suos,
723 796 828 875 quibus
851 808 1064 878 praeceperat,
1093 806 1124 857 ut

76 882 266 961 quiescerent
294 892 324 942 et
352 880 446 941 cibum
467 889 624 960 caperent:
652 899 777 959 cumque
797 882 900 943 hostes
921 884 1033 959 inedia,
1062 883 1121 955 siti,

75 983 155 1025 mora
186 966 242 1025 suh
269 967 356 1027 armis
383 965 496 1043 fatigati
524 972 664 1043 repetere
696 973 791 1027 castra
813 969 999 1046 coepissent,
1023 966 1122 1027 subito

76 1053 178 1129 copias
201 1049 302 1111 eduxit
324 1060 354 1109 et
373 1052 529 1110 commisso
551 1049 667 1126 proelio
687 1051 766 1110 vicit.

160 1133 192 1195 2.
236 1134 375 1195 bletcllus
397 1133 464 1193 Pius
484 1135 512 1193 iu
529 1132 668 1211 Hispania
690 1134 833 1193 adversus
848 1133 1034 1210 Hirtuleium,
1058 1151 1123 1193 curu

73 1218 125 1278 ille
155 1220 269 1279 oriente
288 1220 421 1298 protinus
447 1218 495 1278 die
523 1218 691 1295 instructam
718 1220 811 1277 aciem
837 1218 918 1279 vallo
938 1220 1001 1279 eius
1023 1218 1122 1279 admo·

73 1304 170 1361 visset
190 1302 385 1363 fervidissimo
401 1311 468 1363 tunc
488 1304 553 1363 anni
574 1310 722 1380 tempore,
747 1304 819 1361 intra
842 1312 937 1363 castra
963 1319 1033 1363 suos
1053 1320 1122 1361 con·

74 1387 164 1445 tinuit
192 1387 222 1445 iu
237 1386 338 1446 horam
362 1387 420 1446 dici
442 1395 572 1461 sextam,
600 1394 688 1463 atque
710 1386 748 1444 ita
770 1385 908 1461 fatigatos
929 1394 1013 1445 aestu
1035 1385 1123 1445 facile

73 1471 203 1546 integris
227 1480 255 1529 et
275 1470 441 1531 recentibus
463 1487 581 1531 suorum
602 1470 674 1527 vicit
695 1466 816 1532 viribus.

115 1617 121 1627 ,
165 1554 194 1614 3.
239 1553 334 1630 Idem,
358 1556 461 1615 iunctis
484 1572 548 1614 cum
571 1552 712 1631 Pompeio
735 1552 838 1613 castris
860 1552 1002 1613 aduersos
1023 1552 1123 1611 Serto·

73 1640 148 1698 rium
177 1640 207 1697 in
226 1637 377 1717 Hispania,
407 1658 471 1699 cum
496 1656 587 1715 saepe
617 1638 804 1697 instruxisset
825 1637 935 1712 aciem,
964 1636 1050 1695 hoste
1075 1637 1124 1713 qui

73 1724 218 1801 imparem
245 1741 278 1782 se
306 1722 420 1782 duobus
451 1721 591 1783 credebat
617 1739 742 1799 pugnam
770 1720 969 1796 detractante,
999 1720 1123 1799 quodam

74 1806 182 1867 deinde
213 1815 347 1885 ternpore
381 1807 568 1867 Sertorianos
597 1805 704 1866 milites
738 1794 992 1866 animadvertisset
1017 1820 1123 1881 magno

74 1894 186 1969 impetu
203 1892 372 1965 instinctos,
390 1891 588 1970 deposcentes
600 1908 727 1968 pugnam
738 1891 936 1969 humerosque
949 1898 1124 1950 exserentes

75 1985 106 2035 et
125 1974 246 2035 lanceas
263 1974 429 2051 vibrantes,
452 1975 628 2035 existimavit
643 1976 741 2035 ardori
755 1975 918 2035 cedendum
935 1977 1122 2053 intempore,

76 2060 252 2138 recepitque
275 2060 454 2135 exercitum,
477 2066 507 2117 et
529 2058 670 2136 Pompeio
685 2060 761 2119 idem
777 2059 902 2120 faciendi
917 2070 1021 2121 auctor
1038 2059 1100 2120 luit.

162 2144 193 2201 4.
238 2142 401 2203 Postumius
424 2143 527 2203 consul
549 2144 577 2201 in
599 2143 718 2215 Sicilia,
739 2160 803 2201 cum
826 2152 922 2204 castra
946 2146 1009 2203 eius
1031 2161 1047 2202 a
1069 2142 1122 2202 Pu-

75 2228 152 2287 nicis
183 2228 269 2287 trium
290 2228 398 2287 milium
425 2245 563 2306 passuum
593 2227 689 2303 spatio
718 2226 876 2299 distarent,
906 2234 936 2285 et
962 2228 1123 2285 dictatores

75 2309 359 2387 Carthaginiensium
387 2311 518 2390 quotidie
543 2319 609 2370 ante
638 2311 703 2387 ipsa
726 2310 899 2368 munimenta
927 2308 1123 2367 Romanorum

75 2396 239 2471 dirigerent
266 2398 375 2472 aciem,
403 2398 509 2472 exigua
534 2412 617 2453 manu
643 2392 759 2452 leuibus
785 2391 905 2452 adsidue
924 2392 1047 2471 proeliis
1068 2409 1123 2469 pro

75 2479 157 2539 uallo
170 2480 337 2539 resistebat.
372 2479 464 2553 Quam
477 2478 716 2539 consuetudinem
728 2484 932 2538 contemnente
944 2478 999 2538 iarn
1012 2475 1123 2552 Poeno,

75 2564 201 2641 reliquis
221 2563 353 2623 omnibus
368 2580 422 2642 per
437 2564 565 2642 quietem
580 2564 654 2622 intra
669 2562 776 2623 uallum
790 2563 973 2642 praeparatis
988 2580 1027 2621 ex
1040 2578 1123 2623 more

75 2649 218 2726 pristino,
250 2666 314 2708 curn
336 2649 437 2726 paucis
464 2649 637 2708 sustentavit
664 2648 810 2707 incursum
830 2648 1064 2708 adversariorum
1088 2665 1124 2706 ac

77 2732 167 2791 solito
194 2731 298 2791 diutius
327 2731 470 2791 detinuit:
501 2731 605 2811 quibus
630 2731 759 2808 fatigatis
786 2741 854 2810 post
884 2741 997 2792 sextam
1023 2732 1122 2791 horam

77 2824 107 2874 et
136 2816 192 2875 iam
221 2834 254 2874 se
279 2815 505 2894 recipientibus,
533 2824 563 2875 et
592 2833 656 2873 cum
685 2816 780 2875 inedia
802 2832 921 2894 quoque
944 2815 1123 2889 laborarent,

76 2917 133 2977 per
154 2909 293 2959 recentes
314 2918 383 2961 suos
403 2901 534 2976 hostem,
557 2916 644 2977 quem
667 2897 817 2975 praedicta
834 2898 1064 2976 profligaverant
1083 2899 1123 2955 in-

79 2985 250 3057 commoda,
273 2984 395 3062 legavit.
1144 3026 1146 3028 -

164 3070 193 3129 5.
236 3067 402 3147 Iphicrates
421 3067 626 3142 Atheniensis,
650 3066 700 3144 qui
722 3062 931 3142 exploraverat
948 3061 1053 3121 eodem
1075 3060 1124 3120 ad·

77 3151 161 3211 sidue
189 3160 323 3229 tempore
354 3155 455 3213 hostes
490 3152 582 3213 cibum
612 3168 740 3229 capere,
772 3146 910 3207 maturius
939 3146 1020 3204 vesci
1054 3162 1125 3204 suos

77 3236 162 3294 iussit
184 3244 213 3294 et
235 3236 336 3296 eduxit
357 3239 386 3296 in
409 3238 517 3312 aciem,
546 3235 764 3313 adgressusque
793 3232 907 3291 hostem
927 3230 966 3290 ita
992 3230 1124 3306 detinuit,

76 3329 107 3378 ut
129 3320 157 3377 ei
180 3336 276 3397 neque
292 3321 466 3398 conlligcudi
485 3338 581 3397 neque
604 3319 730 3379 abeundi
751 3318 835 3377 daret
856 3315 1033 3376 facultatem.
1078 3314 1124 3375 ln·

77 3403 186 3463 clinato
209 3404 315 3465 deinde
340 3406 396 3465 iam
418 3405 464 3465 die
488 3405 604 3464 reduxit
630 3421 700 3462 suos
729 3411 759 3461 et
780 3400 964 3461 nihilomiuus
986 3402 1014 3460 in
1036 3402 1124 3462 armis

77 3489 206 3547 retinuit.
235 3486 360 3567 Fatigati
373 3489 475 3549 hostes
487 3506 545 3547 non
557 3490 682 3547 statione
694 3486 788 3563 magis
801 3503 886 3564 quam
899 3485 1010 3561 inedia,
1029 3487 1124 3545 statim
