2475 3909
120 214 182 278 tot
401 180 410 207 ⁴
451 220 830 273 murmurosorum

120 380 221 442 tudine
241 378 407 458 adpellatus
422 385 485 451 est,
506 384 539 435 et
553 373 665 436 Curtio.
707 375 826 455 Accipit
843 384 873 435 et
890 389 956 436 eurn
971 375 1095 452 iontem,
1121 376 1172 455 qni

118 473 242 525 vocatur
263 461 443 536 Albudinus,
470 467 566 520 tantae
590 459 747 535 bonitatis,
770 468 801 520 ut
821 458 951 520 ldaroiae
975 477 1096 539 quoque
1120 459 1171 520 ad-

119 548 244 622 iutorio,
267 547 403 625 quotiens
425 561 500 623 opus
523 554 585 619 est,
608 545 648 603 ita
671 543 813 620 sulliciat,
835 553 866 604 nt
887 545 1020 605 adiectus
1044 545 1072 604 ei
1095 543 1171 604 nibil

120 649 159 692 er
186 630 324 708 qualitate
354 630 418 690 eius
446 635 547 688 mutet.
590 626 743 704 Augustae
772 628 855 704 lons,
879 629 946 705 qnia
974 626 1087 688 Marcia
1111 627 1169 686 sibi

119 714 259 781 sulficere
274 712 453 793 adparebat,
476 713 505 771 in
523 709 672 772 Claudiam
687 711 844 790 derivatnsg
858 721 917 780 cst;
938 721 1073 774 manente
1093 711 1169 770 nihi-

118 800 244 860 lominus
254 797 447 876 praesidiaria
462 797 492 855 in
505 793 655 870 Marciam,
679 804 708 854 ut
721 797 760 856 ita
774 795 887 856 demum
902 792 1049 856 Claudiam
1062 813 1169 872 aquam

119 882 270 960 adiuuaret
281 878 433 956 Augusta,
455 881 481 938 si
498 896 563 940 eam
578 879 681 939 ductus
693 877 821 940 llarciae
840 897 898 938 non
913 889 1043 957 caperet.
1079 877 1169 938 Glau-

121 963 187 1026 diae
203 963 308 1023 ductus
325 963 414 1024 babet
429 963 639 1040 longitudinem
657 981 794 1042 passuum
805 977 889 1024 xnvt
904 961 1012 1024 milium
1023 975 1168 1024 ccccvi:

120 1067 159 1108 ex
176 1064 214 1107 eo
232 1047 296 1107 rivo
316 1047 509 1108 subterraneo
522 1064 659 1125 passuum
674 1061 785 1108 xxxin
797 1047 904 1107 milium
917 1059 1051 1116 ccxxx;
1073 1061 1170 1126 opere

120 1149 210 1210 supra
237 1140 345 1190 terram
367 1149 505 1208 passuum
532 1144 557 1190 x
578 1131 687 1190 milium
709 1143 855 1192 cmxxvi:
884 1149 923 1192 er
945 1149 981 1192 eo
1006 1149 1099 1210 opere
1122 1148 1170 1190 ar-

121 1224 207 1276 cuato
231 1217 260 1274 in
288 1216 434 1294 superiori
463 1223 546 1294 parte
573 1215 706 1292 pluribus
733 1215 809 1275 locis
831 1231 967 1292 passuum
995 1229 1036 1274 111
1055 1215 1168 1274 milium

120 1313 248 1375 Lxxvt,
271 1307 302 1358 et
321 1316 416 1377 prope
437 1299 540 1358 nrbem
556 1316 572 1358 a
591 1313 642 1357 vul
658 1299 781 1358 millario
798 1297 1015 1359 substructione
1038 1300 1168 1358 rivorum

121 1402 177 1463 per
193 1399 298 1462 passus
315 1396 417 1458 mclx,
441 1399 535 1461 opere
548 1392 667 1442 arcuato
685 1401 822 1461 passuum
833 1396 869 1441 vr
885 1383 991 1443 milium
1009 1394 1168 1444 ccccxci

208 1468 258 1527 lb.
294 1466 376 1527 ‚Anio
398 1465 501 1526 Novus
518 1467 565 1525 via
584 1465 773 1543 Sublacensi,
796 1466 832 1526 ad
851 1467 1002 1528 miliarium
1022 1481 1118 1538 XLII,
1142 1467 1171 1524 in

121 1550 266 1612 Subruino
285 1551 431 1628 excipitur
451 1568 490 1610 ex
510 1537 651 1618 domine?
666 1550 761 1628 quod,
781 1567 845 1610 cunr
861 1559 955 1611 terras
972 1551 1066 1611 cultas
1089 1552 1170 1610 circa

122 1652 155 1694 se
182 1634 290 1694 babeat
317 1633 377 1694 loci
406 1634 521 1712 pinguis
551 1642 583 1692 et
602 1634 670 1694 inde
693 1636 771 1712 ripas
792 1634 966 1710 solutiores,
984 1636 1082 1714 etiam
1106 1635 1169 1693 sine

120 1717 284 1796 pluviarum
301 1717 403 1776 iniuria
416 1717 550 1778 limosum
566 1727 596 1778 et
613 1717 808 1778 turbulentum
825 1717 901 1778 duit:
927 1711 1056 1796 ideoque
1074 1735 1091 1778 a
1108 1717 1169 1777 iau·

122 1800 204 1861 cibus
227 1801 330 1862 ductus
350 1801 523 1879 interposita
542 1809 588 1860 est
605 1803 719 1880 piscina
740 1802 867 1878 limaria,
890 1801 939 1862 nbi
962 1803 1168 1861 interamnem

122 1893 153 1944 ct
174 1902 297 1964 specum
317 1884 494 1944 consisteret
512 1893 542 1944 et
559 1884 720 1962 liqueretur
738 1903 823 1965 aqua.
868 1885 919 1945 Sic
940 1903 1070 1966 quoque,
1095 1901 1168 1964 quo·

120 1967 197 2028 tiens
223 1966 333 2026 imbres
356 1968 581 2046 superveniunt,
606 1969 721 2031 turbida
743 1970 878 2048 pervenit
895 1971 924 2029 in
943 1969 1056 2030 urbem.
1104 1968 1167 2028 lun-

121 2052 199 2128 gitur
215 2051 243 2108 ei
265 2052 344 2110 rivus
365 2049 585 2129 Herculaneus,
616 2055 715 2112 oriens
738 2053 841 2114 eadem
863 2054 927 2129 via,
956 2053 992 2114 ad
1014 2053 1169 2114 miliarium

121 2147 276 2209 xxxvnl,
297 2153 314 2194 e
340 2137 464 2213 regione
487 2136 607 2198 fontium
632 2135 771 2198 Claudiae
792 2146 872 2197 trans
893 2137 999 2198 flumen
1018 2137 1169 2215 viamque,

92 2269 95 2276 .
120 2229 223 2280 natura
245 2221 434 2298 purissimus,
456 2221 510 2281 sed
532 2224 636 2281 mixtus
658 2223 780 2298 gratiam
799 2221 966 2300 splendoris
988 2223 1032 2280 sui
1054 2222 1166 2281 amittit.

120 2301 233 2364 Ductus
260 2303 382 2365 Anionis
410 2304 486 2365 Noui
514 2307 605 2365 efficit
635 2323 739 2383 passus
760 2319 846 2364 cvm
864 2305 942 2366 milia
961 2317 1047 2366 Dec:
1069 2324 1110 2366 ex
1132 2321 1168 2364 eo

121 2387 185 2446 rivo
207 2387 400 2448 subterraneo
419 2406 523 2465 passus
541 2402 628 2449 xcix
648 2389 724 2450 milia
736 2402 817 2457 ccc;
840 2407 932 2468 opere
952 2408 1041 2470 supra
1060 2399 1170 2450 terram

119 2487 226 2549 passus
243 2485 283 2530 rx
304 2470 382 2530 milla
403 2483 508 2530 cccc:
530 2490 569 2530 ex
589 2489 627 2532 eo
650 2472 915 2534 substructionibus
937 2484 985 2536 aut
1007 2492 1103 2552 opere
1126 2491 1170 2532 ar·

120 2563 207 2613 ouato
228 2553 374 2630 superiori
397 2562 481 2630 parte
503 2554 634 2632 pluribus
657 2556 732 2617 locis
759 2575 864 2636 passus
885 2573 912 2618 11
933 2559 1011 2619 milia
1034 2570 1119 2634 ccc,
1143 2566 1171 2616 et

119 2636 242 2712 propius
267 2632 368 2694 urbem
394 2654 410 2694 a
437 2650 487 2696 vn
505 2638 629 2698 miliario
660 2640 877 2702 substructione
907 2645 1035 2704 rivorum
1063 2658 1171 2720 passus

119 2729 224 2792 ocrx,
247 2735 341 2796 opere
361 2729 481 2781 arcuato
494 2740 600 2800 passus
610 2737 646 2785 vl
661 2725 738 2785 milia
751 2737 908 2788 ccccxci.
951 2726 987 2786 Hi
1002 2735 1069 2786 sunt
1083 2743 1170 2786 arcus

120 2801 270 2878 altissimi,
292 2801 438 2864 sublevati
457 2808 484 2864 in
507 2807 678 2885 quibusdam
702 2809 777 2869 locis
801 2823 860 2870 clx
882 2812 984 2889 pedes.

207 2885 256 2948 16.
302 2886 358 2948 'l'ot
380 2907 517 2969 aquarum
540 2900 597 2951 tarn
616 2893 713 2953 multis
732 2896 911 2956 necessariis
932 2892 1057 2956 molibus
1083 2911 1170 2972 pyra·

118 2970 229 3046 midas,
250 2971 391 3033 uidelicet
413 2975 542 3050 otiosas,
566 2993 741 3054 compares,
763 2987 812 3038 aut
833 2980 935 3039 inertia
954 2979 1008 3040 sed
1022 2977 1103 3038 fama
1122 2995 1169 3037 ee·

120 3054 233 3116 lebrata
256 3073 348 3135 opera
371 3055 572 3118 Graecorum?

205 3141 254 3199 17.
299 3139 365 3200 Non
388 3141 512 3201 alienum
534 3143 603 3202 milui
623 3145 716 3204 visum
742 3153 805 3222 cst,
827 3146 1024 3224 longitudines
1048 3163 1169 3224 quoque

117 3221 246 3280 rivorum
264 3223 406 3301 cuiusque
422 3224 525 3285 dnctns
544 3227 631 3286 etiam
648 3245 702 3306 per
720 3231 838 3308 species
857 3245 981 3308 opernm
997 3230 1168 3308 complecti.

117 3298 190 3358 Nam
212 3321 277 3361 cnm
298 3308 422 3366 maxima
438 3307 523 3367 hnins
542 3309 633 3370 ollrcii
653 3316 722 3388 p'ars
742 3313 771 3371 in
791 3314 883 3373 tutela
904 3331 1005 3373 eornm
1017 3314 1065 3389 sit,
1090 3316 1168 3373 scire
1217 3299 1222 3318 ¹

119 3387 318 3472 praepositum
332 3399 468 3465 oportet,
494 3409 569 3469 qnae
587 3394 697 3454 maiora
716 3395 861 3474 impendia
884 3399 1012 3473 exigent.
1058 3395 1169 3456 Nostra

120 3460 236 3531 quidem
261 3465 458 3530 sollicitudine
486 3490 543 3532 non
576 3475 699 3551 sufficit,
728 3478 842 3553 singula
861 3479 957 3540 oculis
983 3479 1168 3548 subiecisse;
