2475 3909
119 244 159 309 68
455 256 531 307 aar,
556 254 646 305 uuum
666 253 837 303 uaournu

525 406 675 471 carot
696 405 756 469 lx.

156 540 203 587 Du
225 538 440 589 IRRUH'IONE
459 538 507 586 EX
528 537 681 587 lewense
701 537 833 604 PARTE,
858 536 961 599 QUAM
981 536 1132 585 EXSPBC·

577 622 706 671 Tamna.

207 744 234 803 1.
278 744 379 823 Scipio
399 743 475 822 apud
496 741 703 819 Carthaginem
724 740 778 803 sub
797 742 962 803 discessum
982 750 1084 801 aestus
1104 758 1164 801 ma·

119 828 218 904 ritimi,
242 837 360 889 secutus
375 828 470 888 Deum
490 838 521 888 ut
541 826 660 889 dicebat
678 825 799 902 ducem,
828 825 866 886 ad
889 842 987 885 muros
1007 824 1087 885 urbis
1116 841 1163 884 ac·

120 913 210 971 cessit
228 921 274 988 et,
298 912 422 973 sedente
445 920 567 989 stagno,
591 928 647 989 qua
667 927 726 970 nou
746 908 975 988 exspectabatur
994 909 1109 987 irrupit.

204 994 233 1056 2.
277 994 384 1057 Fabius
398 995 541 1057 Maximus
551 991 737 1055 cunctatoris
752 994 845 1069 lilius,
868 992 945 1073 apud
959 992 1060 1071 Arpos
1077 1009 1163 1070 prae·

119 1079 195 1141 sidio
216 1079 386 1141 Hannibalis
406 1088 586 1158 occupatus,
607 1077 793 1137 considerato
809 1078 865 1137 situ
883 1075 982 1151 urbia,
1002 1084 1162 1135 sexcentos

118 1164 224 1225 milites
254 1163 380 1224 obscura
407 1171 494 1223 nocte
522 1163 614 1239 misit,
644 1164 694 1240 qui
714 1179 768 1241 per
793 1162 928 1221 munitam
949 1177 1047 1238 eoque
1070 1161 1162 1219 minus

116 1248 301 1327 frequentem
326 1247 427 1326 oppidi
453 1256 582 1325 partem,
608 1245 698 1305 scalis
723 1245 820 1304 evecti
846 1247 875 1304 in
901 1262 1028 1319 mamm,
1060 1253 1162 1322 portas

117 1331 309 1392 revellerent.
353 1330 388 1390 lli
407 1331 495 1392 adiuti
513 1330 709 1391 decidentium
725 1346 863 1407 aquarum
877 1345 969 1402 sono,
990 1328 1039 1406 qui
1061 1328 1162 1405 operis

117 1416 269 1494 strepitum
299 1413 492 1490 obscurabat,
523 1416 600 1473 iussa
629 1422 783 1491 peragunt.
832 1412 919 1493 lpse,
950 1411 1029 1472 elato
1064 1412 1161 1489 signo,

119 1498 241 1560 effracta
262 1507 347 1578 porta
366 1500 535 1576 ingressus,
557 1498 638 1576 cepit
654 1496 764 1575 Arpos.

203 1583 232 1644 3.
278 1581 310 1643 G.
334 1580 442 1641 Marius
463 1581 544 1640 bello
568 1579 736 1658 Iugurthino
757 1579 835 1657 apud
856 1578 963 1639 flumen
983 1577 1160 1655 Mulucham,

118 1684 182 1725 cum
205 1666 390 1745 obpugnaret
414 1664 567 1725 castellum
590 1666 619 1724 in
640 1673 738 1751 montq
761 1680 852 1724 saxeo
877 1664 978 1739 situm,
1005 1663 1083 1741 quod
1105 1680 1161 1723 una

117 1759 147 1810 et
167 1759 288 1827 angusta
311 1750 421 1809 semita·
435 1747 582 1824 adibatur,
604 1758 735 1808 cetemm
753 1756 855 1808 natura
876 1756 907 1831 et
928 1756 991 1807 arte
1010 1764 1161 1825 praeceps

117 1842 197 1910 erat,
219 1834 347 1893 nuntiato
370 1831 425 1893 sibi
448 1848 501 1909 per
521 1830 658 1907 Ligurem
679 1831 832 1909 quemdam
851 1850 891 1891 ex
912 1830 1027 1893 auxiliis
1051 1848 1161 1907 grega-

116 1916 175 1976 lem
199 1916 336 1990 militem,
360 1916 409 1993 qni
432 1914 508 1974 forte
537 1923 672 1993 aquatum
694 1932 888 1993 progressus,
918 1914 985 1975 dum
1011 1932 1066 1992 per
1087 1932 1162 1975 saxa

115 2000 221 2060 montis
245 1998 384 2058 cochleas
407 1998 496 2075 legit,
525 1999 561 2059 ad
584 2016 724 2059 summum
745 2007 939 2078 pervenerat,
960 2000 1044 2076 erepi
1065 2014 1160 2075 posse

114 2085 144 2143 ia
167 2081 336 2158 castellum,
360 2100 471 2161 paucos
495 2084 699 2158 centuriones,
724 2082 828 2161 quibus
850 2082 1085 2161 perfectissimos
1107 2100 1161 2141 ve·

115 2168 271 2235 locissiruis
280 2166 423 2227 militibus
435 2184 522 2246 pares
534 2177 708 2227 aeneatores
719 2167 930 2243 immiscuerat,
955 2167 1042 2241 misit,
1059 2166 1161 2243 capite

114 2251 298 2331 pedibusque
320 2252 420 2329 nudis,
447 2260 479 2311 ut
505 2260 682 2330 prospectus
708 2250 846 2328 nisusque
873 2268 928 2329 per
950 2260 1020 2309 sara
1041 2249 1161 2311 facilior

113 2336 208 2411 foret,
233 2337 325 2396 scutis
347 2335 511 2412 gladiisque
526 2352 548 2393 ιι
566 2343 652 2411 tergo
674 2334 790 2412 aptatis.
832 2332 869 2393 lli
889 2333 995 2411 Ligure
1013 2334 1108 2409 duce,
1129 2342 1162 2392 et

113 2420 187 2481 loris
215 2428 244 2479 et
267 2418 376 2493 clavis,
405 2416 510 2494 quibus
535 2417 564 2474 in
585 2415 729 2475 adscensu
749 2415 929 2492 nitebantur,
954 2416 1060 2492 adiuti,
1093 2434 1161 2477 cum

113 2502 149 2563 ad
172 2503 339 2580 posteriora
363 2509 393 2560 et
414 2498 453 2559 ob
477 2498 506 2558 id
526 2516 619 2559 vacua
642 2499 848 2560 defemoribus
868 2499 983 2561 castelli
1004 2502 1162 2578 pervenis·

113 2593 195 2659 sent,
224 2593 254 2659 pt
276 2584 434 2645 concinere
464 2591 494 2641 et
515 2582 695 2659 tumultuari,
714 2592 746 2643 ut
764 2593 955 2662 praeceptum
977 2592 1058 2659 erat,
1088 2601 1160 2643 coe-

114 2675 234 2746 perunt:
262 2666 299 2727 ad
323 2666 402 2746 quod
430 2666 614 2726 constitutum
640 2666 748 2727 llarius
778 2669 958 2728 comtantiua
985 2667 1161 2727 adhortatus

111 2766 183 2811 suos
206 2752 301 2809 acrius
326 2752 435 2811 instare
458 2749 626 2810 castellanis
651 2752 767 2829 coepit,
791 2768 866 2829 quos
892 2751 930 2811 ab
951 2749 1061 2811 imbelli
1074 2741 1161 2811 'mul-

110 2834 233 2895 titudine
258 2852 376 2895 suorum
402 2843 577 2911 revocatos,
604 2842 748 2912 tamquam
777 2833 813 2895 ab
835 2843 921 2912 tergo
944 2835 1022 2913 capti
1042 2844 1159 2911 essent,

110 2921 260 2980 insecutus
280 2918 432 2979 castellum
454 2919 542 2998 cepit.

196 3004 226 3063 4.
270 3002 302 3061 L.
325 3000 480 3063 Cornelius
502 3000 605 3061 consul
624 3001 775 3081 complura
797 3000 948 3061 Sardiniae
970 3002 1051 3080 cepit
1070 3004 1160 3081 oppi-

109 3089 163 3163 da,
188 3088 254 3148 dum
276 3087 453 3147 firmissimas
479 3093 578 3164 partes
600 3086 750 3163 copiarum
776 3093 866 3145 noctu
887 3086 1023 3163 exponit,
1049 3086 1160 3162 quibus

110 3170 329 3249 praecipiebat,
346 3170 557 3231 delitescerent
575 3170 842 3247 opperirenturque
860 3176 991 3246 tempus,
1014 3185 1074 3246 quo
1090 3171 1160 3247 ipse

109 3270 201 3309 naves
227 3252 402 3329 adpelleret.
447 3250 676 3311 Occurrentibua
704 3251 810 3312 deiude
834 3252 998 3313 adventanti
1019 3251 1160 3312 hostibus

112 3340 141 3387 et
161 3332 197 3389 ab
219 3334 284 3407 ipso
305 3350 359 3409 per
380 3333 592 3393 simulationem
614 3334 702 3413 fugae
724 3334 841 3411 longius
861 3334 899 3395 ad
916 3335 1159 3413 persequendum

111 3413 258 3484 avocatis,
281 3411 322 3469 illi
343 3415 372 3472 in
392 3417 510 3476 relictas
530 3416 566 3477 ab
588 3416 634 3476 his
655 3418 743 3477 urbes
762 3420 901 3495 impeturn
921 3418 1067 3478 fecerunt.

197 3490 226 3545 5.
268 3491 399 3552 Pericles
422 3496 641 3559 Atheniensium
662 3500 736 3576 dux,
760 3518 826 3559 cnm
846 3499 1032 3578 obpugnaret
1054 3519 1158 3580 quam
