2475 3909
256 208 600 268 susurnanuurrcorr
622 212 692 258 nra.
715 210 753 258 11.
780 211 857 261 cnr.
879 214 913 260 v.
1067 201 1107 262 45

59 370 144 427 stium
169 375 282 442 castra,
305 365 450 443 Syphacis
466 374 495 425 et
514 364 811 443 Carthaginiensium,
835 367 934 427 statuit
952 368 1107 447 Syphacis,

57 452 105 510 nbi
129 450 221 509 multa
249 450 390 509 incendiis
416 450 550 510 alimenta
572 460 672 525 erant,
702 450 824 526 adgredi
846 460 933 511 nocte
954 452 1108 532 ignemque

58 537 191 609 inicere,
218 541 250 592 ut
277 551 312 593 ea
335 551 367 592 re
389 532 527 593 Numidas
552 535 669 613 quidem
692 552 730 593 ex
754 536 813 593 suis
836 537 941 594 castris
962 538 1108 614 trepidan-

56 629 104 678 tes
129 618 288 693 caederet,
319 616 435 676 Poenos
458 627 570 692 autem,
600 636 675 697 quos
700 626 811 677 certum
838 628 902 678 erat
931 619 967 679 ad
990 638 1109 680 succur-

56 702 179 762 rendum
195 702 287 760 sociis
302 717 508 778 procurantes,
523 702 634 761 insidiis
647 702 796 780 dispositis
809 704 973 791 exciperet.
996 704 1109 763 Utrum-

59 805 116 864 que
136 804 175 845 cx
198 786 342 843 sententia
362 787 389 844 ei
407 788 511 845 cessit:
536 803 599 845 nam
619 795 764 865 tamquam
783 788 819 848 ad
838 787 987 847 fortuitum
1009 789 1107 848 incen·
1142 844 1148 853 „

59 873 135 930 dium
159 870 223 928 sine
246 870 333 929 armis
351 879 560 947 procurrentes
584 870 841 930 adortus-cecidit.

145 952 197 1013 30.
243 951 439 1028 Mithridates,
461 972 477 1013 a
492 953 613 1013 lucullo
631 956 737 1013 virtute
751 954 925 1032 frequenter
940 966 1105 1034 superatus,

58 1038 170 1097 insidiis
187 1055 252 1095 eum
268 1036 406 1116 adpetiit,
431 1035 592 1098 Olcabante
610 1038 735 1117 quodam
754 1042 897 1099 eminente
912 1040 1022 1100 viribus
1040 1040 1106 1099 sub-

58 1132 180 1196 ornato,
209 1129 241 1180 ut
262 1120 458 1197 transiugeret
478 1130 523 1196 et,
547 1122 602 1181 lide
626 1131 707 1200 parta
728 1124 837 1199 hostis,
867 1124 980 1183 lacinus
998 1143 1106 1203 perpe·

57 1215 159 1267 traret.
217 1204 303 1278 Quod
333 1206 357 1263 is
384 1214 503 1263 strenue
535 1205 650 1283 quidem
679 1207 731 1266 sed
762 1209 825 1271 sine
855 1217 961 1267 eventu
985 1218 1105 1269 conatus

56 1301 113 1351 est.
161 1288 313 1367 Receptus
337 1290 410 1347 enim
434 1308 449 1347 a
471 1288 592 1349 Lucullo
615 1292 642 1348 in
658 1308 782 1367 gregem
800 1292 942 1368 equitum,
966 1308 1024 1350 non
1042 1294 1105 1351 siue

54 1377 147 1435 tacita
173 1374 301 1431 custodia
321 1372 435 1432 habitus
456 1381 520 1445 est;
544 1375 609 1451 quia
625 1393 681 1432 nec
703 1374 783 1433 credi
804 1374 901 1433 subito
923 1376 1104 1451 transfugae,

53 1477 115 1519 nec
138 1456 260 1516 inhiberi
282 1457 414 1535 reliquos
435 1457 601 1537 oportebat.
647 1455 719 1516 Cum
741 1458 809 1517 dein
826 1454 1029 1534 [sequentihus
1053 1476 1104 1517 ex·

54 1541 243 1603 cursionibus
266 1550 427 1619 promptam
450 1550 479 1600 et
501 1544 614 1600 enixam
638 1558 758 1620 operam
782 1540 951 1617 exhiheret,
977 1541 1034 1601 lide
1056 1542 1105 1602 ad·

54 1628 164 1707 quisita
187 1634 300 1703 tempus
332 1624 440 1702 elegit,
469 1642 526 1703 quo
549 1626 636 1685 missa
658 1627 799 1703 principia
823 1626 950 1703 quietem
973 1626 1103 1684 omnibus

54 1710 259 1771 castrensibus
281 1708 386 1769 dabant
407 1711 644 1787 praetoriumque
660 1712 803 1769 secretius
821 1709 1018 1788 praestabant.
1049 1707 1103 1769 Ga·

56 1815 105 1855 sus
135 1796 246 1853 adiuvit
266 1792 424 1852 Lucullum.
469 1791 542 1851 Nam
565 1795 613 1871 qui
639 1794 676 1853 ad
698 1795 865 1871 vigilantem
886 1812 981 1871 usque
1003 1795 1102 1854 admit·

55 1888 187 1953 teretur,
209 1878 358 1953 fatigatum
380 1878 528 1936 nocturnis
548 1879 774 1953 cogitationibus
793 1880 845 1938 illo
867 1887 1002 1956 tempore
1022 1880 1102 1958 quie·

54 1972 188 2022 suentem
212 1962 336 2021 invenit,
376 1958 446 2020 Corn
468 1960 589 2036 deinde,
611 1971 755 2041 tamquam
776 1965 954 2023 nuntiaturus
978 1963 1102 2023 subitum

54 2047 165 2123 aliquid
181 2064 215 2105 ao
231 2048 448 2120 necessarium,
470 2047 577 2105 intrare
591 2046 702 2121 vellet,
724 2047 777 2106 sed
797 2048 987 2125 pertinaciter
1002 2065 1019 2106 a
1039 2066 1100 2107 ser·

53 2133 99 2189 vis
123 2130 281 2189 valetudini
305 2130 411 2189 domini
433 2129 652 2189 consulentibus
674 2130 896 2205 excluderetur,
919 2131 1041 2206 ueritus,
1065 2151 1102 2191 ne

55 2224 214 2292 suspectus
244 2222 341 2289 esset,
367 2216 467 2292 equis,
496 2231 570 2291 quos
600 2223 666 2273 ante
689 2222 801 2291 portam
824 2223 942 2291 paratos
964 2214 1101 2290 habebat,

54 2300 89 2358 ad
111 2298 307 2357 blithiidutem
325 2298 433 2375 refugit
454 2299 565 2357 inritus.

143 2382 194 2442 31.
239 2383 387 2442 Sertorius
414 2383 443 2441 in
464 2381 618 2460 Hispania,
643 2400 707 2441 cum
735 2379 811 2460 apud
833 2379 994 2440 Lauronem
1016 2382 1101 2459 oppi-

53 2468 120 2527 dum
150 2467 245 2525 vioina
268 2475 365 2526 castra
386 2466 517 2544 Pompeii
546 2468 649 2525 castris
670 2465 809 2540 haberet,
840 2474 870 2524 et
891 2466 965 2524 duae
981 2474 1102 2525 tantum-

51 2551 143 2611 modo
166 2550 306 2627 regiones
330 2559 444 2625 essent,
475 2568 512 2609 ex
533 2550 636 2627 quibus
656 2550 793 2629 pabulum
820 2550 881 2629 peti
903 2559 1023 2628 posset,
1046 2568 1102 2611 una

52 2638 80 2694 in
105 2636 292 2713 propinquo,
316 2635 407 2694 altera
437 2634 553 2710 lougius
580 2636 652 2710 sita,
682 2652 746 2694 eam
774 2652 849 2711 quae
878 2636 906 2693 in
936 2637 1102 2715 propinquo

52 2728 116 2778 erat
140 2717 262 2778 subinde
286 2718 321 2777 ab
339 2719 397 2777 levi
417 2728 558 2779 armatura
580 2719 728 2793 infestari,
751 2719 919 2777 ulteriorem
936 2731 1031 2780 autem
1052 2738 1101 2779 ve·

51 2804 104 2862 tuit
128 2802 165 2861 ab
187 2802 248 2861 ullo
269 2811 378 2863 armato
402 2802 489 2877 adiri,
514 2802 609 2862 donec
635 2804 780 2879 persuasit
802 2802 996 2879 adversariis,
1016 2806 1102 2863 tutio·

50 2905 114 2945 rem
135 2904 204 2945 esse
221 2904 294 2963 quae
311 2895 374 2946 erat
391 2888 549 2945 remotior:
572 2902 657 2963 quam
676 2902 739 2942 cum
752 2886 906 2961 petiissent
920 2885 1100 2963 Pompeiani,

51 2969 206 3029 Octavium
229 2968 401 3030 Graecinum
429 2988 493 3029 cum
521 2969 625 3028 decem
653 2967 824 3027 cohortibus
851 2968 881 3024 in
908 2984 1019 3026 morem
1041 2968 1100 3028 Ro·

51 3070 202 3113 manorum
226 3056 342 3113 armatis
371 3062 400 3113 et
425 3054 529 3113 decem
552 3052 747 3131 Hispanorum
769 3050 844 3109 levis
867 3060 1047 3127 armaturae,
1072 3061 1103 3111 et

50 3138 232 3215 Tarquitium
253 3137 385 3197 Priscum
402 3156 466 3197 cum
482 3136 595 3197 duobus
616 3131 732 3198 milibus
756 3136 883 3212 equiturn
902 3136 946 3193 ire
969 3134 1050 3194 iubet
1066 3136 1102 3195 ad

48 3223 170 3282 insidias
196 3222 358 3282 tondendas
392 3220 620 3301 pabulatoribus.
666 3220 712 3281 llli
741 3228 861 3279 strenue
889 3220 1031 3297 imperatu
1059 3220 1101 3279 ia·

48 3308 143 3366 ciunt:
176 3306 331 3384 explorata
355 3307 430 3365 enim
453 3305 585 3365 locorum
607 3313 727 3380 natura,
750 3306 779 3361 in
797 3304 893 3363 vicina
915 3304 989 3385 silva
1012 3315 1100 3365 nocte

47 3390 218 3468 praedictas
247 3391 348 3467 copias
375 3389 557 3449 abscondunt
589 3390 643 3464 ita,
672 3398 703 3447 ut
729 3389 758 3446 in
782 3388 873 3465 prima
903 3398 987 3468 parte
1017 3389 1100 3450 leves

45 3474 214 3553 Hispanos,
242 3475 408 3552 aptissimos
442 3474 478 3533 ad
506 3473 581 3532 furta
615 3472 777 3548 bellorum,
804 3483 967 3550 ponerent,
998 3474 1098 3551 paullo
