2475 3909
223 254 565 305 srannnonnnrrcon
584 256 656 307 nra.
679 257 704 307 1.
727 256 804 307 cae.
827 260 902 307 vnr.
1060 250 1099 311 19

51 413 216 488 deberent,
241 413 406 489 missosque
429 428 482 471 eos
497 411 578 471 velut
599 413 745 473 contraria
766 414 890 491 pignora
911 416 1101 493 retinuerunt,

52 517 111 559 nec
132 506 199 557 ante
218 495 406 555 reddiderunt
423 513 508 573 quam
526 497 582 575 ipsi
601 507 813 575 recuperarent
827 515 908 557 suos.

142 584 172 641 7.
217 580 318 657 Legati
340 578 553 656 Romanorum,
579 598 644 640 cum
658 582 739 641 missi
754 591 856 641 essent
875 582 911 642 ad
927 582 1102 643 Antiochum

52 682 176 743 regern,
192 666 242 743 qui
257 681 358 723 secum
372 662 561 724 Hannibalern
575 664 662 724 victis
678 666 733 725 iam
749 664 1037 742 Carthaginiensibus
1051 667 1101 727 ha·

53 751 145 811 bebat
161 748 372 825 consiliumque
393 748 456 807 eins
473 745 615 807 adversus
629 748 778 809 Romanos
793 749 971 825 instruebat,
988 751 1102 811 crebris

55 853 120 894 eum
131 831 292 893 Hannibale
308 830 464 908 colloquiis
477 831 656 908 effecerunt,
671 842 702 892 ut
716 834 742 893 is
755 836 820 910 regi
836 834 922 895 lieret
933 844 1100 914 suspectus,

55 921 102 977 eui
128 917 311 995 gratissimus
333 914 463 993 alioquin
485 925 515 975 et
533 916 612 976 utilis
634 927 699 978 erat
721 928 844 997 propter
861 918 1051 980 calliditatem
1071 928 1102 979 et

55 1003 189 1081 peritiam
203 998 341 1061 bellandi.
1047 1058 1056 1073 ‚

140 1086 171 1147 8.
218 1082 253 1157 Q.
270 1082 407 1143 Metellus
423 1081 565 1145 adversus
580 1083 747 1161 Iugurtham
765 1086 875 1146 bellum
890 1105 1018 1164 gerens,
1034 1089 1102 1147 nnis·

56 1188 105 1229 sos
122 1170 160 1229 ad
176 1186 210 1227 se
228 1168 344 1244 legatos
361 1162 423 1227 eins
440 1169 588 1246 corrupit,
605 1177 636 1227 ut
651 1169 708 1228 sibi
724 1170 884 1247 proderent
900 1188 1018 1249 regem:
1036 1190 1102 1231 curu

57 1264 86 1313 et
109 1253 159 1313 alii
174 1254 339 1327 uenissent,
362 1251 438 1310 idem
456 1252 544 1311 lecit:
568 1252 675 1312 eodem
698 1254 822 1315 consilio
839 1274 910 1315 usus
930 1264 975 1316 est
999 1264 1030 1315 et
1051 1256 1100 1315 ad·

55 1356 163 1397 versus
186 1338 298 1395 tertios.
342 1335 404 1395 Sed
423 1333 460 1395 de
479 1338 648 1413 captivitate
663 1335 822 1412 Iugurthae
844 1356 893 1397 res
910 1356 1013 1415 parurn
1033 1356 1102 1417 pro·

56 1423 166 1481 cessit:
191 1421 284 1479 vivum
299 1421 374 1479 enirn
393 1420 466 1479 tradi
488 1419 545 1478 sibi
565 1418 697 1479 nolebat.
741 1420 895 1479 Plurimum
915 1429 1012 1481 tamen
1033 1440 1102 1481 con·

56 1514 179 1565 secutus
193 1512 252 1563 est:
268 1522 331 1565 narn
348 1520 412 1565 curu
427 1506 609 1583 interceptae
627 1502 750 1563 fuissent
765 1504 911 1581 epistolae
926 1504 1041 1565 eiusad
1056 1524 1102 1565 re·

55 1592 121 1667 gius
139 1589 250 1648 amicos
271 1590 417 1667 scriptae,
439 1589 469 1647 in
492 1604 593 1647 omnes
615 1604 669 1647 eos
692 1604 747 1647 rex
761 1588 978 1657 animadvertit;
995 1588 1103 1669 spolia·

56 1685 162 1752 tusque
179 1672 326 1747 consiliis,
344 1674 454 1733 amicos
469 1680 574 1750 postea
593 1688 699 1750 parare
714 1689 772 1731 non
790 1672 894 1751 potuit.

142 1756 173 1818 9.
220 1754 253 1817 G.
271 1754 399 1832 Caesar,
419 1774 484 1815 cnm
507 1774 562 1834 per
582 1765 739 1835 exceptum
759 1758 910 1836 quemdam
932 1766 1104 1834 aquatorern

56 1842 254 1921 comperisset
276 1840 426 1900 Afranium
446 1839 650 1919 Petreiumque
673 1848 769 1902 castra
790 1850 878 1901 noctu
896 1850 1046 1917 moturos,
1073 1850 1105 1901 ut

58 1928 128 1987 citra
145 1926 333 1986 vexationem
349 1942 466 1983 suorum
482 1924 598 1985 hostilia
613 1926 767 2003 impediret
782 1926 921 2003 consilia,
943 1927 1025 1987 initio
1045 1934 1103 1987 stu·

57 2012 106 2070 tim
132 2012 229 2070 noctis
252 2028 323 2069 vasa
347 2008 530 2069 conclamare
552 2008 659 2068 milites
680 2019 710 2069 et
730 2020 850 2089 praeter
869 2012 1104 2071 adversariorum

58 2103 153 2155 castra
174 2096 222 2172 agi
239 2093 334 2153 mulos
357 2111 421 2153 oum
437 2092 553 2153 fremitu
575 2101 604 2151 et
619 2109 722 2153 sonum
737 2096 904 2154 continuare
922 2095 1020 2155 iussit:
1044 2111 1102 2174 quo

57 2187 188 2239 retentos
207 2177 328 2238 volebat
345 2176 494 2254 arbitrari,
517 2185 613 2237 castra
631 2175 668 2243 ad
684 2193 719 2235 se
735 2175 893 2237 Caesarem
906 2194 1038 2238 movere.

145 2264 195 2323 10.
218 2262 319 2340 Scipio
334 2260 507 2335 Africanus,
521 2260 556 2321 ad
572 2258 747 2337 excipienda
758 2260 864 2321 auxilia
879 2278 943 2319 cum
959 2277 1103 2320 commea·

58 2344 296 2407 tibusHannibali
306 2345 461 2421 uenientia,
477 2344 515 2404 bl.
524 2343 679 2405 Thermum
692 2344 808 2421 dimisit,
821 2346 886 2423 ipse
898 2339 1102 2403 subventurus.

147 2431 197 2491 11.
241 2429 399 2505 Dionysius
421 2430 671 2503 Syracusanorum
698 2437 852 2504 tyrannus,
880 2446 945 2488 cum
973 2427 1038 2487 Afri
1062 2429 1103 2486 iu·

58 2516 139 2591 genti
164 2513 346 2574 multitudine
376 2513 526 2572 traiecturi
553 2522 654 2572 essent
684 2513 713 2571 in
738 2514 868 2574 Siciliam
894 2513 931 2574 ad
959 2531 1025 2572 eum
1052 2511 1104 2572 ob·

60 2598 262 2677 pugnandum,
285 2596 409 2658 castella
437 2594 567 2675 pluribus
591 2596 666 2656 locis
692 2599 857 2657 communiit
875 2597 1105 2675 custodibusque

59 2684 232 2761 praecepit,
255 2692 285 2741 ut
308 2700 343 2741 ea
360 2681 525 2741 advenienti
541 2680 618 2741 hosti
635 2680 776 2741 dederent
793 2682 962 2760 dimissique
978 2683 1104 2758 Syracu·

59 2786 107 2827 sas
125 2765 245 2827 occulte
261 2766 399 2827 redirent.
444 2764 525 2825 Ainis
546 2782 672 2827 necesse
695 2764 748 2825 luit
771 2776 856 2844 capta
878 2766 1001 2827 castella
1018 2785 1104 2845 prae·

60 2852 135 2910 sidio
161 2851 282 2909 militurn
302 2858 419 2918 tenere;
443 2866 517 2928 quos
533 2847 708 2924 Dionysius,
729 2849 866 2909 redactos
889 2850 925 2909 ad
949 2868 1035 2927 quam
1052 2867 1104 2907 vo-

59 2936 153 2995 luerat
169 2936 361 3013 paucitatem,
380 2951 474 3012 paene
491 2935 546 2993 iarn
559 2950 612 3011 par
630 2948 751 2990 numero
763 2932 922 3007 adgressus
937 2934 1017 3007 vicit,
1041 2951 1106 2991 cunr

58 3036 128 3078 suos
144 3018 342 3079 contraxisset
362 3027 390 3078 et
405 3018 590 3078 adversarios
609 3015 776 3095 sparsisset.

147 3101 197 3161 12.
241 3100 400 3177 Agesilaus
416 3101 680 3174 Lacedaemonius,
698 3116 762 3159 cum
782 3097 905 3157 inferret
919 3096 1028 3158 bellum
1043 3095 1105 3157 Tis-

60 3186 238 3265 saphernae,
256 3183 369 3247 Cariam
384 3204 418 3245 sc
435 3194 539 3265 petere
556 3185 715 3259 simulavit,
732 3183 815 3262 quasi
828 3182 925 3259 aptius
936 3182 1010 3243 locis
1026 3197 1106 3240 mon·

60 3272 154 3330 thosis
172 3270 315 3331 adversus
331 3271 444 3330 hostem
458 3272 587 3347 equitatu
604 3268 823 3347 praevalentem
837 3276 1027 3344 pugnaturus.
1051 3266 1108 3326 Per

59 3354 136 3414 hanc
159 3353 274 3414 consilii
303 3355 527 3415 ostentationem
550 3362 674 3414 avocato
702 3354 731 3411 in
758 3349 873 3411 Cariam
898 3350 1106 3430 Tissapherne,
1215 3387 1220 3393 ·

60 3440 124 3517 ipse
142 3437 280 3515 Lydiam,
302 3438 352 3497 ubi
368 3449 454 3517 caput
466 3438 590 3499 hostium
605 3438 690 3513 regni
707 3445 785 3512 erat,
807 3436 921 3516 irrupit,
940 3436 1106 3515 obpressis·

59 3541 116 3602 que
134 3524 185 3603 qui
200 3523 264 3585 illic
280 3522 421 3603 agebant,
438 3522 562 3601 pecunia
576 3522 659 3599 regia
674 3522 784 3601 potitus
798 3528 855 3581 est.

898 3618 917 3676 2
925 3617 940 3653 a
