2475 3909
210 236 555 294 smmosmnrrcorr
574 243 644 294 usa.
662 245 708 294 rv.
733 243 809 294 cur.
822 245 947 295 v-vn.
1055 233 1093 298 ot

45 401 101 460 luit
123 407 156 458 et
183 397 338 475 gregalem
361 414 438 475 equo
460 399 614 477 imposuit,
640 415 727 460 cursu
749 401 815 479 ipse
837 399 967 480 pedestri
989 401 1025 461 ad
1048 401 1098 462 ds·

47 484 189 544 stinctum
215 483 315 558 iugum
341 481 532 542 contendens.
578 481 668 543 Cuius
690 483 760 543 lacti
785 482 923 544 ruborem
946 501 1010 544 cum
1032 503 1098 564 per·

47 567 111 646 peti
133 566 222 626 miles
240 583 303 637 nun,
319 574 440 643 posset,
462 564 651 626 irridentibus
667 567 911 628 commilitonibus
926 575 1033 646 sponte
1049 568 1099 628 de·

49 650 191 711 scendit.·
219 647 446 728 Xenophontem
467 650 518 709 rix
536 650 665 708 universi
679 651 885 728 perpulerunt,
907 661 938 712 ut
959 668 1100 711 conscen-

50 735 139 794 deret
165 750 273 810 equum
302 742 333 792 et
361 731 494 794 laborem
520 733 658 792 suumin
688 737 859 796 necessaria
885 735 951 796 duci
981 752 1100 796 munera

50 825 236 877 reservaret.

139 900 171 961 3.
212 897 400 975 Alexander,
421 915 485 959 cum
505 899 602 960 hieme
626 899 748 960 duceret
769 902 946 978 exercitum,
966 901 1100 962 residens

50 983 89 1044 ad
111 984 212 1062 ignem
234 1000 454 1060 recognoscere
472 993 695 1062 praetereuntes
712 985 814 1063 copias
836 987 951 1065 coepit;
975 1003 1100 1064 cumque

53 1071 266 1148 conspexisset
293 1069 445 1145 quemdam
463 1083 559 1146 prope
577 1070 774 1139 exanimatum
792 1069 921 1146 frigore,
945 1070 1100 1130 considere

52 1152 124 1211 loco
148 1168 203 1210 suo
222 1151 306 1209 iussit
328 1151 458 1230 dixitque
480 1152 525 1211 ei:
543 1151 576 1210 Si
590 1153 619 1210 iu
641 1150 739 1212 Persis
751 1161 836 1214 natus
851 1171 953 1229 esses,
973 1155 1001 1212 in
1016 1155 1100 1230 regia

54 1235 131 1294 sella
143 1235 294 1294 resedisse
306 1233 358 1294 tibi
376 1233 483 1313 capital
494 1234 588 1310 ioret,
607 1236 636 1293 iu
647 1233 819 1296 Macedonia
836 1245 904 1296 nato
917 1235 1097 1296 conceditur.

143 1321 175 1377 4.
219 1317 311 1377 Divus
336 1318 487 1395 Augustus
507 1318 724 1396 Vespasianus,
754 1334 818 1377 cum
847 1318 1000 1397 quemdam
1029 1319 1099 1378 ado·

53 1403 221 1461 lescentem
239 1402 363 1461 honeste
378 1410 492 1478 natum,
513 1400 633 1461 militiae
647 1400 821 1475 inhabilem,
846 1401 1040 1477 angustiarum
1058 1402 1102 1460 rei

53 1484 208 1544 familiaris
222 1502 310 1544 causa
327 1485 461 1545 eductum
474 1485 510 1545 ad
530 1485 696 1561 longiorem
716 1483 845 1544 ordinem
859 1485 1010 1560 rescisset,
1032 1499 1100 1544 con·

55 1568 159 1627 stituto
184 1586 275 1628 censu
297 1569 419 1629 honesta
435 1569 575 1629 missione
594 1567 806 1629 exauctoravit.

408 1695 419 1702 ’
454 1733 606 1796 curun
627 1733 706 1795 vrr.

379 1866 428 1912 DE
449 1866 566 1914 VARIIS
592 1866 775 1916 CONSILIIS.

147 1989 175 2045 1.
216 1983 249 2044 0.
273 1983 385 2045 Caesar
403 1983 536 2061 dicebat,
557 1987 635 2047 idem
658 1986 712 2046 sihi
736 2005 804 2046 esse
820 1985 973 2046 consilium
996 1983 1100 2046 adver·

57 2087 108 2130 sus
131 2070 265 2144 hostem,
296 2068 374 2148 quod
401 2069 553 2148 plerisque
573 2069 695 2130 medicis
718 2079 818 2131 contra
839 2071 907 2131 vitia
931 2086 1099 2149 corporum,

55 2154 135 2214 fame
157 2155 256 2232 potius
277 2170 362 2230 quam
382 2153 463 2213 ferro
486 2152 652 2231 superandi.

144 2237 175 2296 2.
220 2235 364 2296 Domitius
385 2235 515 2298 Corbulo
541 2235 671 2296 dolabris
694 2244 724 2296 et
746 2234 885 2313 operibus
907 2232 1022 2294 hostem
1040 2236 1101 2292 vin-

58 2321 184 2382 cendum
207 2339 275 2379 esse
298 2319 423 2380 dicebat.

145 2404 176 2465 3.
220 2402 252 2463 L.
269 2403 386 2463 Paullus
403 2405 610 2484 imperatorem
629 2419 730 2462 senem
747 2400 876 2461 moribus
899 2398 1016 2460 dicebat
1034 2417 1102 2458 esse

60 2495 219 2567 oportere,
242 2487 411 2564 significans
432 2488 630 2548 moderatiora
653 2485 802 2566 sequenda
825 2484 956 2545 consilia.

144 2573 176 2630 4.
218 2571 320 2650 Scipio
342 2571 497 2632 Africanus
525 2571 617 2630 femur
649 2572 777 2646 dixisse,
807 2588 872 2630 cum
893 2585 959 2629 eum
987 2568 1102 2648 quidam

60 2671 161 2732 parum
183 2671 346 2733 pugnacem
368 2655 518 2716 dicerent:
546 2655 756 2734 Imperatorem
778 2671 824 2714 rue
846 2662 939 2714 mater
959 2669 1018 2713 nou
1039 2652 1102 2714 bel·

59 2739 186 2799 latorem
207 2739 334 2816 peperit.

146 2823 178 2882 5.
224 2819 257 2880 C.
279 2820 387 2882 diarius
416 2820 566 2897 Teutono,
595 2821 769 2900 provocanti
794 2835 858 2877 eum
888 2827 918 2877 et
943 2817 1103 2896 postulanti
1214 2871 1222 2888 ,

59 2917 90 2966 ut
110 2904 266 2984 prodiret,
288 2905 456 2983 respondit,
480 2906 505 2962 si
527 2905 649 2982 cupidus
668 2902 769 2959 mortis
784 2910 881 2975 eseet,
907 2900 1014 2976 laqueo
1038 2917 1103 2958 eum

60 2992 147 3050 vitam
176 3005 267 3068 posse
294 2989 386 3049 linire.
432 2986 504 3047 Cum
528 2986 633 3047 deinde
655 2987 793 3058 instaret,
820 2980 1012 3059 gladiatorem
1034 2998 1102 3039 con-

59 3083 190 3152 temptas
213 3081 341 3133 staturae
360 3081 390 3132 et
407 3087 503 3150 prope
517 3078 640 3130 exactae
658 3068 762 3128 aetatis
781 3066 890 3126 obiecit
909 3065 936 3123 ei
961 3064 1101 3140 dixitque,

60 3175 111 3233 se,
135 3157 162 3216 si
186 3175 252 3217 enm
270 3164 455 3234 superasset,
477 3172 542 3213 cum
562 3155 676 3212 victore
697 3151 931 3228 congreslurum.

146 3242 177 3302 6.
222 3237 258 3312 Q.
282 3240 447 3314 Sertorius,
476 3237 554 3314 quod
576 3238 778 3315 experimento
805 3234 945 3294 didicerat
963 3232 1108 3316 imparem¹

60 3345 93 3386 se
122 3325 263 3382 universo
284 3323 480 3382 Romanorum
510 3321 668 3392 exercitui,
696 3326 727 3378 ut
751 3317 893 3377 barbaros
921 3333 1037 3395 quoque
1060 3317 1101 3375 in·

59 3407 196 3469 consulte
208 3425 334 3486 pugnam
350 3406 549 3484 deposcentes
565 3405 703 3477 doceret,
716 3401 849 3472 adductis
867 3402 896 3460 in
913 3409 1101 3479 conspectum

59 3491 175 3554 duobus
197 3492 298 3570 equis,
321 3506 423 3551 eorum
438 3487 609 3567 praevalido
632 3486 734 3564 alteri,
757 3485 841 3546 alteri
862 3486 1013 3549 admodum
1032 3485 1101 3546 exili
