2475 3909
232 202 573 279 srucrxecmmcou
597 228 669 277 cun.
689 231 714 277 1.
734 228 810 278 car.
833 232 884 280 111.
907 232 955 279 ru.
1090 216 1110 279 9

59 404 129 447 men
150 386 214 445 eius
230 380 436 464 scorpionibus
453 384 586 463 adgressi
606 396 722 461 essent,
738 387 862 463 captivis
877 386 968 447 latera
984 390 1110 447 euntium

60 470 248 549 praetexuit:
270 486 392 547 quorum
414 478 553 547 respectu
574 468 677 529 hostes
697 468 851 529 inhibuere
873 471 944 530 tela.

151 553 181 612 2.
205 553 365 630 Agesilaus
382 552 631 613 Lacedaemonius
644 572 708 613 cum
720 554 830 632 praeda
842 563 963 613 onustus
975 554 1109 631 exPhry·

62 642 112 715 gia
134 638 263 711 rediret,
292 638 575 715 insequerentnrque
601 638 704 697 hostes
737 638 824 697 etad
847 638 980 698 locorum
1001 654 1110 717 oppor-

63 722 216 781 tunitatem
253 720 439 779 lacesserent
465 738 568 797 agmen
592 723 673 795 eins,
703 721 835 781 ordinem
863 723 1045 800 captivorum
1073 723 1110 782 ab

63 815 193 884 utroque
214 805 308 863 latere
333 806 482 865 exercitus
513 806 557 862 sui
587 806 745 882 explicuit:
769 806 873 885 quihus
894 805 960 866 dum
981 806 1111 885 parcitur

65 890 103 949 ab
121 890 226 962 hoste,
250 888 375 965 spatium
396 888 563 947 transeundi
585 888 749 949 habuerunt
768 889 1003 950 Lacedaemonii.

151 974 181 1034 3.
204 971 302 1045 ldem,
322 972 487 1031 tenentibus
507 974 656 1048 anfflstias
666 972 831 1051 Thebanis,
854 991 910 1052 per
928 991 1001 1052 quas
1017 985 1111 1035 mans·

67 1057 191 1117 eundum
216 1054 361 1131 habebat,
385 1055 468 1115 llexit
487 1056 561 1130 iter,
580 1059 663 1134 quasi
681 1056 798 1116 Thebas
820 1058 1019 1118 contenderet.
1050 1059 1110 1119 lix·

65 1140 176 1201 territis
199 1138 345 1198 Thebanis
367 1138 568 1217 digressisque
594 1140 630 1199 ad
656 1142 773 1200 tutanda
801 1145 933 1218 moenia,
955 1146 1111 1222 repetitum

65 1226 138 1301 iter,
164 1241 223 1302 quo
243 1222 456 1298 destinaverat,
480 1240 616 1283 emensus
636 1233 684 1283 est
705 1225 787 1285 nullo
809 1224 982 1286 obsistente.

151 1310 185 1368 4.
201 1306 383 1367 Nicostratus
414 1306 472 1366 dux
497 1306 671 1367 Aetolorum
699 1309 842 1369 adversus
866 1309 1022 1387 Epirotas,
1045 1328 1111 1371 cum

63 1394 95 1451 ei
119 1391 217 1450 aditus
236 1393 265 1449 in
286 1390 356 1449 lines
378 1406 480 1450 eorum
501 1392 615 1467 angusti
641 1392 761 1467 tierent,
789 1409 844 1468 per
869 1392 991 1451 alterum
1014 1394 1110 1453 locum

64 1478 246 1553 irruptumm
261 1492 292 1533 se
308 1474 483 1551 ostendens,
496 1476 573 1534 omni
592 1472 643 1534 illd
657 1474 693 1535 ad
708 1473 919 1552 prohibendum
934 1486 1110 1537 occurrente

64 1560 253 1637 Epirotarum
276 1558 474 1634 multitudine,
501 1559 621 1637 reliquit
649 1575 720 1617 suos
747 1574 876 1637 paucos,
905 1560 954 1637 qui
979 1561 1110 1637 speciem

63 1643 244 1703 remanentis
263 1645 410 1702 exercitus
432 1642 627 1721 praeberent:
649 1644 714 1721 ipse
736 1660 801 1702 cum
823 1652 922 1703 cetera
944 1660 1038 1720 manu,
1055 1660 1111 1722 qua

64 1744 123 1787 nou
147 1724 390 1804 exspectabatur,
414 1726 520 1787 aditum
543 1728 668 1787 intravit.

151 1812 183 1871 5.
203 1810 441 1888 Autophradates
463 1810 570 1871 Perses
592 1828 656 1870 cum
671 1812 700 1869 in
721 1810 856 1871 Pisidiam
877 1812 1038 1870 exercitum
1059 1812 1111 1871 du·

66 1904 167 1969 caret,
202 1902 231 1952 et
260 1895 408 1971 augustias
438 1894 576 1972 quasdam
604 1894 720 1955 Pisidae
745 1904 945 1973 occuparent,
964 1895 1110 1961 simulata

64 1980 228 2039 uexatione
254 1977 425 2053 traiciendi,
454 1980 574 2039 instituit
600 1979 756 2043 reducere.
801 1978 888 2053 Quod
910 1996 974 2039 cum
994 1979 1111 2040 Pisidae

67 2063 278 2136 credidissent,
302 2062 353 2121 ille
375 2071 463 2121 noctu
489 2063 696 2122 validissimam
719 2080 832 2122 manum
854 2063 891 2122 ad
912 2063 1045 2123 eumdem
1066 2064 1110 2123 lo·
1171 2127 1175 2138 ,

66 2166 132 2206 cum
161 2146 364 2224 occupandum
390 2146 541 2224 praemisit
570 2164 605 2205 ac
633 2153 755 2223 postero
792 2146 840 2204 die
873 2155 964 2207 totum
995 2149 1111 2207 traiecit

66 2232 240 2291 exercitum.

154 2314 184 2374 6.
208 2314 359 2393 Philippus
384 2313 577 2374 Macedonum
599 2332 669 2392 rex,
692 2312 845 2373 Graeciam
861 2312 1021 2390 adpetens,
1046 2328 1111 2371 cnm

66 2398 283 2476 Thermopylas
306 2406 465 2479 occupatas
488 2399 601 2457 audiret
622 2408 652 2458 et
673 2397 708 2457 ad
731 2414 797 2457 eum
819 2398 909 2475 legati
938 2394 1110 2455 Aetolorum
1214 2418 1217 2422 ·

65 2484 219 2561 venissent
241 2484 333 2541 acturi
356 2482 392 2542 de
415 2500 506 2559 pace,
529 2484 652 2542 retentis
668 2483 728 2559 eis,
745 2484 810 2561 ipse
826 2482 939 2559 magnis
959 2479 1111 2539 itineribus

65 2568 101 2627 ad
121 2565 273 2643 angustias
299 2564 465 2644 pertendit,
494 2568 667 2645 securisque
696 2566 867 2627 custodibus
895 2575 925 2625 et
948 2566 1110 2642 legatorum

65 2648 178 2710 reditus
203 2650 458 2727 exspectantibus,
481 2651 646 2727 inopinatus
667 2649 881 2729 Thermopylas
900 2650 1026 2709 traiecit.

155 2736 184 2793 7.
208 2733 388 2811 Iphicrates,
423 2734 481 2793 dux
514 2734 734 2813 Atheniensium
766 2736 908 2795 adversas
936 2734 1110 2793 Anaxibium

66 2818 330 2878 Lacedaemonium
352 2818 381 2875 in
399 2817 594 2895 Hellesponto
615 2828 715 2877 eontra
728 2818 870 2893 Abydon,
894 2836 959 2877 cnm
979 2819 1110 2877 transdu-

68 2902 193 2961 cendum
213 2902 374 2961 exercitum
389 2900 513 2961 haberet
528 2918 582 2979 per
603 2900 686 2975 loca,
706 2918 782 2977 quae
798 2901 969 2960 stationibus
987 2901 1111 2960 hostium

67 2985 260 3059 tenebantur,
285 2984 407 3045 alterum
429 2994 524 3045 autem
546 2984 620 3043 latus
650 2984 712 3041 eius
733 2981 841 3041 abscisi
863 2992 977 3041 montes
997 3000 1112 3059 preme·

66 3079 151 3144 rent,
174 3069 298 3129 alterum
319 3086 399 3129 mare
422 3068 571 3143 adlueret,
593 3066 767 3145 aliquamdiu
788 3075 934 3141 moratus,
959 3082 1023 3124 cum
1042 3066 1112 3123 inci·

67 3154 162 3213 disset
186 3152 321 3229 frigidior
342 3153 430 3213 solito
453 3152 517 3213 dies
540 3161 569 3211 ct
597 3153 636 3211 ob
657 3152 715 3211 hoc
736 3152 842 3210 nemini
864 3158 1037 3227 suspectus,
1061 3150 1112 3209 de·

68 3236 141 3313 legit
165 3236 347 3296 firmissimos
376 3252 526 3315 quosque,
556 3237 662 3315 quibus
686 3236 756 3295 oleo
786 3252 822 3294 ac
850 3250 933 3293 mero
961 3234 1113 3295 calefactis

66 3322 239 3399 praecepit,
262 3322 355 3399 ipsam
378 3338 459 3381 oram
473 3321 560 3379 maris
582 3320 734 3397 legerent,
758 3318 925 3398 abruptiora
947 3328 1112 3380 tranarent:

67 3413 156 3483 atque
176 3408 216 3463 ita
238 3405 378 3465 custodes
402 3405 598 3483 angustiarum
619 3405 783 3483 inopinatus
806 3403 955 3483 obpressit
976 3422 993 3464 a
1015 3414 1111 3481 tergo.

154 3488 184 3549 8.
207 3486 260 3549 (lu.
280 3488 436 3569 Pompeius
454 3506 520 3549 cum
536 3488 643 3549 ilumen
657 3487 782 3549 transire
803 3498 927 3569 propter
948 3488 1113 3566 obpositam
