2475 3909
206 228 255 274 na
272 225 392 288 nouas
413 226 588 278 oncnsnus
605 229 710 278 uanus
729 229 851 280 nouare
870 231 985 280 crasa.
1078 221 1119 284 99

65 383 115 444 Ac
142 400 182 442 ne
210 382 280 460 quid
301 382 339 442 ad
365 383 456 442 totius
477 384 522 442 rei
548 385 699 462 pertinens
726 385 857 446 notitiam
884 389 1119 464 praetermisisse

66 468 190 543 videar,
214 468 330 526 nomina
346 467 468 544 primum
493 485 649 544 aquarum,
674 486 749 546 quae
767 469 796 528 in
815 467 915 530 urbem
939 469 1059 532 Romam
1077 475 1118 534 in·

67 552 180 628 duent,
201 568 324 630 ponam;
345 559 405 609 tum
428 568 483 629 per
504 568 579 628 quos
602 570 738 630 quaeque
755 571 853 612 earum
876 554 1027 632 atquibus
1050 573 1119 616 oon·

67 635 202 711 salibus,
229 643 321 713 quoto
348 643 418 712 post
441 633 544 694 urbem
572 636 718 696 conditam
749 653 824 698 anno
852 637 1012 715 perductae
1046 640 1118 710 sint;

67 719 296 798 deindequibus
312 736 352 777 ex
365 718 441 778 locis
456 727 487 778 et
502 736 519 778 a
535 728 626 798 quoto
638 719 761 780 miliario
775 722 963 800 coepissent,
984 733 1120 802 quantum

66 803 264 864 subterraneo
285 802 368 877 rivo,
390 811 528 882 quantum
546 802 784 880 substructione,
807 814 942 883 quantum
963 824 1056 885 opere
1073 821 1119 868 an·

69 896 174 956 cuato;
192 895 261 965 post
282 885 461 947 altitudinem
482 886 640 964 cuiusque,
663 888 905 968 modulorumque
928 892 1070 952 rationem
1091 901 1121 954 et

69 989 150 1050 quae
172 972 362 1048 erogationes
385 969 498 1030 abillis
518 970 615 1032 iactae
637 973 710 1042 sirrt;
740 981 874 1052 quantum
896 983 979 1034 extra
1005 974 1117 1052 urbem,

70 1064 210 1134 quantum
237 1056 313 1114 iutra
339 1054 442 1114 urbem
471 1054 627 1134 uuicuique
651 1057 765 1134 regioni
786 1074 841 1135 pro
866 1074 920 1117 suo
942 1059 1029 1120 modo
1049 1078 1118 1122 una·

71 1157 209 1219 quaeque
236 1156 375 1218 aquarum
402 1138 526 1208 serviat;
558 1148 630 1217 quot
653 1141 776 1201 castella
799 1140 917 1220 publica
945 1143 1118 1224 privataque

70 1226 147 1299 sint,
170 1233 200 1283 et
222 1241 261 1282 ex
281 1223 326 1281 bis
347 1231 484 1301 quantum
505 1222 632 1301 publicis
655 1224 812 1303 operibus,
836 1235 972 1302 quantum
992 1229 1118 1288 muueri-

68 1308 151 1382 bus,
176 1339 218 1354 m
239 1308 278 1366 ita
304 1309 380 1366 euim
408 1306 548 1367 cultiores
572 1307 739 1386 appellant,
767 1341 809 1354 -
833 1318 969 1386 quantum
994 1310 1117 1386 lacibus,

71 1400 214 1469 quantum
229 1392 341 1451 nomine
356 1388 511 1466 Caesaris,
535 1400 671 1469 quantum
687 1391 865 1469 privatorum
885 1392 949 1451 usui
970 1391 1118 1454 benelicio

67 1476 216 1554 Principis
237 1475 337 1544 detur;
365 1474 443 1553 quod
465 1477 511 1534 ius
532 1473 729 1535 ducendarum
758 1473 987 1554 tuendarumque
1010 1477 1048 1534 sit
1070 1495 1118 1537 ea·

67 1577 150 1627 rum;
173 1576 249 1636 quae
267 1559 297 1618 id
317 1560 449 1618 sanciant
462 1575 595 1637 poenae,
619 1576 659 1618 ex
680 1557 814 1636 legibus,
838 1560 1119 1622 senatusconsultis

69 1653 102 1704 et
122 1643 266 1704 mandatis
280 1643 443 1721 Principum
465 1645 627 1720 inrogatae.
875 1685 883 1698 .
914 1662 919 1668 ·

156 1730 187 1788 4.
228 1726 275 1786 Ab
290 1727 363 1786 urbe
381 1727 497 1786 condita
513 1744 567 1805 per
582 1745 674 1788 annos
692 1737 841 1788 ccccm
856 1726 983 1787 contenti
1002 1726 1119 1788 inerunt

68 1812 196 1872 Romani
217 1830 271 1871 usu
291 1829 448 1889 aquarum,
472 1829 545 1890 quas
567 1821 616 1872 aut
639 1830 677 1872 ex
699 1810 798 1870 Tiberi
820 1820 869 1872 aut
891 1830 929 1871 cx
950 1812 1047 1890 puteis
1070 1821 1118 1872 aut

68 1915 109 1964 ex
129 1895 259 1955 fontibus
279 1895 460 1956 hauriebant.
504 1894 638 1957 Fontium
659 1897 800 1956 memoria
817 1913 882 1956 cum
897 1897 1050 1958 sanctitate
1068 1895 1117 1958 ad·

65 1981 128 2041 buc
154 1988 252 2040 exstat
277 1988 307 2039 et
338 1979 461 2040 colitur:
488 1979 689 2042 salubritatem
716 1982 791 2040 euim
814 1981 913 2057 aegris
942 1979 1117 2059 corporibus

68 2062 180 2126 afferre
197 2063 372 2138 creduntur,
390 2066 466 2124 sicut
482 2060 694 2124 camoenarum
713 2072 742 2124 et
757 2063 905 2143 Apollinis
921 2073 954 2124 et
969 2063 1116 2126 Iuturnae.

66 2147 154 2208 Nunc
176 2158 272 2208 autem
286 2149 316 2207 in
330 2145 432 2208 urbem
446 2148 580 2208 induunt:
602 2165 677 2225 aqua
691 2145 809 2225 Appia,
825 2145 901 2207 Anio
917 2147 1021 2225 Vetus,
1041 2148 1117 2209 Mar·

69 2233 136 2308 oia,
166 2232 295 2311 Tepula,
323 2230 412 2308 lolia,
435 2233 546 2310 Virgo,
573 2231 734 2306 Alsietina,
759 2247 834 2308 quae
866 2230 970 2292 eadem
995 2241 1118 2291 vocatur

67 2315 219 2394 Augusta,
244 2314 383 2391 Claudia,
406 2316 482 2376 Anio
504 2315 616 2376 Novus.

156 2403 186 2460 5.
227 2399 266 2462 ll.
281 2399 402 2460 Valerio
418 2399 563 2477 blaximo,
583 2400 615 2460 P.
631 2401 724 2461 Decio
740 2397 822 2458 blurc
839 2394 1024 2472 oonsulibus,
1042 2414 1116 2457 anno

67 2493 139 2564 post
161 2485 271 2544 initium
292 2484 442 2545 Samnitici
463 2484 536 2544 belli
558 2499 664 2562 xm,
687 2501 762 2562 aqua
779 2481 878 2562 Appia
900 2483 928 2542 in
951 2481 1053 2541 urbem
1075 2483 1115 2541 in-

67 2569 157 2629 ducta
173 2577 220 2629 est
234 2568 271 2628 ab
289 2567 388 2648 Appio
405 2566 527 2629 Claudio
543 2566 651 2630 Crasso
669 2585 811 2644 censore,
831 2567 877 2628 eni
893 2575 999 2645 postea
1016 2563 1116 2628 Caeco

67 2653 121 2713 iuit
141 2670 324 2730 cognomen,
356 2654 404 2731 qni
432 2663 462 2712 et
487 2654 563 2712 viam
584 2654 711 2734 Appiam
734 2671 751 2714 a
773 2661 859 2730 porta
882 2649 1001 2731 Capena
1022 2671 1117 2733 usque

67 2737 105 2798 ad
133 2737 239 2797 urbem
262 2734 390 2815 Capuam
411 2737 594 2798 muniendam
618 2737 739 2798 curavit.
786 2732 939 2812 Collegam
961 2736 1061 2796 babuit
1082 2732 1137 2794 G.-

66 2821 230 2897 Plautium,
254 2823 300 2881 cui
323 2821 361 2881 ob
384 2822 536 2900 inquisitas
552 2822 615 2882 eius
637 2836 730 2897 aquae
744 2836 836 2877 venas
855 2818 985 2878 Venonis
1005 2835 1116 2896 eogno-

64 2923 135 2965 meu
158 2905 255 2966 datum
277 2914 333 2965 est.
378 2906 439 2966 Sed
455 2906 522 2985 quia
539 2905 564 2962 is
585 2905 659 2963 intra
675 2918 778 2962 annum
801 2909 830 2958 et
848 2918 903 2958 sex
917 2919 1047 2976 menses,
1064 2903 1114 2960 de·

67 3000 177 3068 ceptus
192 3007 210 3048 a
225 2989 344 3066 collega
361 2999 505 3067 umquam
526 2987 661 3048 iuvidiam
679 2986 811 3058 facturo,
832 2981 978 3044 abdicavit
996 3001 1028 3042 se
1047 3000 1115 3041 cen-

64 3092 153 3147 sura,
177 3090 284 3133 nomen
306 3073 460 3152 aquaead
482 3071 570 3150 Appii
590 3080 699 3132 tantum
721 3069 863 3130 honorem
885 3067 1043 3145 pertinuit:
1067 3068 1117 3145 qui

63 3157 168 3218 multis
190 3157 483 3234 tergiversationibus
503 3156 668 3217 extraxisse
686 3171 838 3214 censuram
859 3150 998 3225 traditur,
1022 3150 1118 3210 donec

65 3250 98 3302 et
123 3243 202 3301 viam
230 3251 260 3301 et
288 3242 373 3303 buius
401 3259 495 3320 aquae
526 3240 643 3300 ductum
672 3244 894 3300 consummaret.
948 3230 1120 3313 Concipitur

65 3325 167 3404 Appia
191 3327 220 3384 iu
248 3343 321 3404 agro
346 3325 525 3400 Lucullano,
556 3325 603 3382 via
630 3323 835 3397 Praenestina,
865 3319 942 3378 inter
967 3319 1120 3382 miliarium

64 3423 118 3470 vn
132 3418 258 3487 etv111‚
272 3408 448 3472 diverticulo
461 3410 646 3469 sinistrorsus
659 3425 796 3486 passuum
807 3415 985 3465 Docuxxx.
1007 3402 1119 3464 Ductus

67 3496 135 3556 eius
157 3494 247 3555 habet
269 3494 512 3572 longitudinema
534 3493 631 3571 capite
649 3490 793 3570 usquead
812 3489 942 3566 Salinas,
965 3491 1013 3567 qui
1035 3488 1120 3548 locus

868 3591 913 3649 7*
