2475 3909
194 206 538 259 sranruourmmoox
556 210 628 259 nra.
650 211 687 261 11.
710 209 787 259 cnr.
809 212 952 261 x-xn.
1064 200 1107 263 bt

147 364 178 425 6.
225 364 423 425 Alexandrum
452 382 569 444 quoque
594 363 785 427 Macedonem
812 367 946 427 haditum
973 377 1018 427 est
1045 368 1108 429 exi·

57 452 134 511 miae
153 448 375 529 pulchritudinis
393 450 498 525 virgini
514 449 664 527 captivae,
688 469 753 510 curn
768 450 903 511 finitimae
920 453 1017 527 gentis
1032 454 1108 531 prin·

57 536 118 612 cipi
137 533 244 593 luisset
265 534 460 611 desponsata,
482 552 592 594 summa
611 533 784 593 abstinentia
805 535 843 595 ita
863 537 1066 613 pepercisse„
1078 545 1111 596 ιιι

57 620 140 678 illam
163 636 201 679 ne
224 616 394 695 adspexerit
414 617 539 695 quidem.
584 616 649 690 Qua
671 636 739 678 mox
760 618 797 679 ad
815 636 955 696 sponsum
974 621 1109 696 remissa,

60 704 220 762 universae
245 704 340 778 gentis
362 720 418 779 per
440 701 497 761 hoo
522 701 695 762 beneliciunr
719 704 830 763 animos
852 704 1020 764 conciliavit
1042 703 1108 764 sibi.

149 788 180 845 7.
225 786 387 863 Imperator
409 782 519 845 Caesar
539 785 721 846 Domitianus
742 786 891 865 Augustus
920 787 1110 849 Germanicus

61 888 98 931 eo
125 870 227 945 bello,
256 888 314 948 quo
337 870 423 928 victis
454 868 586 929 hostibus
614 886 780 946 cognomen
806 870 968 932 Germanioi
992 873 1108 947 meruit,

63 974 129 1014 oum
152 956 181 1014 in
203 954 307 1013 finibus
324 950 472 1013 Castorum
487 953 608 1013 castella
630 964 770 1031 poneret,
792 974 846 1034 pro
867 955 1009 1016 fructibus
1026 957 1108 1017 loco·

60 1058 141 1115 rum,
167 1056 241 1117 quae
262 1036 341 1095 vallo
360 1036 645 1113 comprehendebat,
667 1040 788 1115 pretium
807 1040 884 1101 solvi
901 1043 999 1111 iussit;
1021 1050 1110 1120 atque

62 1142 97 1183 ea
118 1124 246 1183 iustitiae
264 1120 338 1181 lama
361 1121 484 1180 omniurn
505 1121 590 1181 fidem
612 1122 773 1183 adstrinxit.

452 1285 602 1349 CAPUT
631 1288 707 1351 Xll.

59 1420 162 1482 QUAE
183 1418 362 1466 edelmund
386 1418 466 1467 SINT
486 1419 555 1467 PRO
578 1418 738 1485 CASTRIS,
769 1418 801 1467 sl
819 1418 917 1467 SATIS
941 1418 1109 1467 FIDUGIAE

200 1503 237 1551 IN
257 1502 519 1551 pascebamus
542 1502 655 1551 copus
674 1502 750 1550 NON
770 1502 970 1551 HABEAMUS.

155 1627 182 1685 1.
227 1623 260 1683 Τ.
277 1623 428 1697 Quinctius
448 1624 561 1701 corisul,
584 1642 649 1683 cum
661 1623 766 1684 Volsci
780 1633 877 1685 castra
896 1626 960 1685 eins
975 1626 1110 1704 adgressi

62 1711 181 1783 forent,
211 1708 361 1769 cohortem
391 1709 586 1769 tantummodo
610 1710 638 1767 in
661 1710 785 1769 statione
807 1709 942 1785 detinuit,
965 1710 1110 1788 reliquum

64 1794 229 1855 exercitum
248 1793 283 1853 ad
301 1794 508 1870 quiescendum
522 1792 642 1861 dimisit;
667 1794 871 1854 aeneatoribus
892 1797 1056 1873 praecepit,
1079 1803 1110 1857 ut

62 1878 174 1939 vallum
188 1877 347 1937 insidentes
370 1879 452 1955 equis
471 1878 627 1937 circuirent
644 1880 901 1956 concinerentque.
948 1878 1012 1953 Qua
1032 1880 1109 1942 facie

65 1971 96 2022 et
118 1961 301 2021 simulatione
326 1978 389 2021 cum
413 1970 441 2021 et
461 1961 664 2040 propulsasset
687 1973 716 2024 et
743 1963 917 2023 detinuisset
943 1983 998 2044 per
1018 1974 1108 2026 toturn

63 2054 185 2105 noctem
206 2045 319 2121 hostes,
343 2046 379 2106 ad
400 2046 473 2105 lucis
497 2055 631 2106 exortum
651 2047 750 2107 fessos
764 2048 866 2123 vigilia
884 2060 1009 2127 repente
1028 2050 1107 2110 laeta

65 2130 222 2209 eruptione
240 2124 328 2189 ¹facile
350 2130 509 2209 superavit.

152 2212 182 2273 2.
229 2212 264 2287 Q.
289 2214 456 2288 Sertorius,
479 2215 506 2272 in
525 2212 664 2291 Hispania
678 2212 804 2272 hostium
828 2215 965 2290 equitatui
983 2216 1108 2275 maxime

64 2300 170 2377 impar,
192 2298 241 2375 qui
260 2316 354 2377 usque
378 2296 414 2358 ad
439 2298 518 2376 ipsas
540 2298 713 2357 munitiones
734 2297 819 2356 nimia
841 2297 945 2356 fiducia
966 2297 1107 2357 succede·

64 2382 126 2459 bat,
149 2390 239 2441 nocte
258 2382 381 2443 scrobes
398 2383 512 2460 aperuit
533 2392 561 2441 et
581 2390 648 2441 ante
663 2384 755 2441 aciem
777 2379 891 2441 direxit.
922 2378 994 2439 Cum
1012 2389 1109 2440 tamen

64 2466 208 2525 turmales
232 2466 391 2526 secundum
409 2466 647 2525 consuetudinem
663 2466 831 2545 praedatum
844 2466 886 2526 ire
901 2464 1021 2540 vellent,
1040 2482 1108 2544 pro·

65 2552 207 2611 nuntiavit
226 2550 408 2630 comperisse
425 2568 458 2609 se
480 2550 597 2609 insidias
610 2550 646 2610 ab
660 2550 795 2610 hostibus
807 2549 976 2631 dispositas,
997 2550 1108 2610 idcirco

65 2654 101 2694 ne
123 2630 314 2695 discederent
331 2654 347 2694 a
370 2635 460 2711 signis
476 2652 552 2694 neve
569 2634 702 2695 laxarent
716 2652 831 2712 agmen,
876 2634 961 2709 Quod
977 2654 1052 2711 cum,
1072 2653 1109 2695 ne

68 2719 239 2779 solveretur
258 2720 428 2800 disciplina,
454 2718 594 2794 lecisset,
623 2728 767 2798 exceptus
787 2720 864 2780 forte
885 2722 964 2781 veris
985 2720 1109 2796 insidiis,

67 2804 136 2884 quia
156 2801 359 2881 praedixerat,
383 2805 553 2863 intentiores
575 2802 806 2874 militeshabuit.

155 2886 185 2947 3.
232 2884 344 2947 Chares
367 2886 425 2947 dux
447 2886 684 2961 Atheniensium,
708 2903 773 2943 cum
796 2893 985 2963 exspectaret
1004 2886 1111 2946 auxilia

68 2981 98 3031 et
121 2980 288 3047 vereretur,
312 2990 349 3031 ne
369 2972 481 3031 interea
505 2977 673 3045 contemptu
695 2970 860 3045 praesentis
882 2969 1037 3045 paucitatis
1058 2969 1111 3027 bo·

68 3064 131 3115 stes
155 3048 253 3115 castra
278 3057 341 3115 eius
359 3055 574 3134 obpugnarent,
598 3052 766 3131 complures
781 3051 868 3112 exiis
890 3067 965 3129 quos
985 3050 1113 3110 habebat

67 3157 123 3218 per
145 3156 280 3199 aversam
300 3148 414 3217 partem
435 3148 524 3199 nocte
540 3139 647 3198 missos
668 3137 762 3213 iussit,
786 3153 843 3215 qua
860 3135 1020 3214 praecipue
1043 3151 1112 3195 con·

67 3224 165 3302 spioni
185 3222 286 3283 forent
304 3223 456 3298 hostibus,
479 3222 576 3283 redire
596 3224 626 3283 in
638 3230 744 3289 ‚castra
766 3230 796 3281 et
810 3219 1011 3280 accedentium
1023 3237 1112 3279 nova·

64 3326 128 3367 rum
141 3308 245 3367 virium
261 3309 392 3386 speciem
406 3306 565 3385 praebere:
588 3314 677 3385 atque
691 3307 730 3365 ita
746 3305 888 3365 simulatis
905 3304 1020 3366 auxiliis
1035 3314 1114 3367 tutus

66 3401 111 3452 est
134 3409 185 3467 sc,
210 3392 305 3453 donec
326 3393 519 3457 instrueretur
539 3390 730 3469 exspectatis.

154 3477 183 3536 4.
226 3474 391 3558 Iphicrates
403 3469 603 3552 Atheniensis,
621 3492 686 3534 curn
702 3472 913 3556 campestribus
929 3474 1005 3535 locis
1017 3483 1114 3536 castra
