2475 3909
132 222 173 285 30
463 234 539 285 sax.
561 236 843 303 run11oaour1u1

217 389 247 452 2.
292 386 344 450 Gn.
367 390 522 469 Pompeius
548 392 576 451 in
606 390 796 470 Cappadocia
823 390 916 467 elegit
943 393 1048 452 castris
1078 394 1179 455 locum

132 475 254 544 editum;
282 474 374 549 unde,
403 475 556 535 adiuvante
585 476 721 555 proclivo
748 476 887 554 impetum
918 476 1058 553 militurn,
1086 478 1179 539 facile

133 561 197 639 ipso
220 560 345 619 decursu
365 557 558 620 Mithridatem
580 561 739 638 superavit.

216 644 245 704 3.
291 639 324 701 O.
351 639 480 719 Caesar,
513 644 655 704 adversus
681 642 859 704 Pharnacem
888 642 1061 702 Mithridatis
1085 643 1179 703 illium

131 728 334 802 dimicaturus,
358 728 387 785 in
411 726 489 785 colle
509 729 644 787 instruxit
658 729 767 795 acienn
792 743 937 805 quaeres
960 728 1129 805 expeditam
1150 730 1179 787 ei

131 812 203 872 iecit
224 812 392 871 victoriam:
421 827 486 869 nam
507 812 583 891 pila,
614 830 652 871 ex
679 812 759 872 edito
786 812 816 869 iu
843 810 1003 871 subeuntes
1031 810 1177 871 barbaros

133 898 256 971 emissa,
278 897 410 972 protinus
429 912 483 954 eos
506 904 683 955 averterunt.

215 982 246 1040 4.
290 978 440 1053 Lucullus,
463 978 604 1039 aduersus
625 978 820 1039 Mithridatem
841 986 872 1037 et
893 977 1049 1055 Tigranem
1068 980 1098 1038 in
1121 978 1177 1039 hr-

131 1066 225 1125 menia
244 1066 353 1125 maiore
372 1062 447 1141 apud
465 1063 704 1141 Tigranocertam
722 1063 926 1135 dimicaturus,
945 1063 1031 1123 collis
1051 1065 1179 1142 proximi

131 1150 247 1229 planum
265 1149 406 1209 uerticem
422 1149 525 1226 raptim
541 1164 605 1207 euro
624 1149 773 1226 copiarum
790 1155 874 1225 parte
892 1146 1032 1225 adeptus,
1057 1149 1086 1207 in
1107 1148 1177 1207 sub·

131 1235 226 1294 lectos
247 1234 348 1294 hostes
370 1232 536 1291 decucurrit
558 1240 588 1291 et
605 1233 763 1309 equitatum
784 1248 885 1290 eorum
904 1249 921 1290 a
942 1231 1037 1292 latere
1058 1232 1176 1306 invasit,

131 1335 325 1397 aversumque
348 1324 377 1374 et
399 1315 567 1375 eorumdem
586 1325 699 1394 partem
714 1316 842 1394 peditum
862 1313 1080 1394 proturbantcm
1098 1318 1177 1375 inse-

133 1411 232 1478 cutus,
256 1401 444 1463 clarissimam
467 1401 620 1459 victoriam
636 1399 744 1459 retulit.

218 1487 247 1546 5.
291 1484 443 1545 Ventidius
461 1485 602 1545 adversus
619 1483 743 1544 Parthos
764 1499 823 1541 non
840 1492 907 1543 ante
926 1483 1046 1545 militem
1062 1485 1176 1561 eduxit,

132 1588 217 1651 quarn
239 1569 282 1629 illi
300 1568 465 1647 quingentis
480 1586 538 1628 non
555 1569 679 1646 amplius
696 1565 831 1645 passibus
852 1566 1007 1637 abessent;
1032 1578 1121 1647 atoue
1138 1571 1177 1628 ita

132 1656 325 1734 procursione
350 1652 444 1711 subita
467 1653 541 1712 adeo
566 1670 599 1711 se
620 1652 763 1727 admovit,
791 1660 823 1709 ut
842 1652 980 1729 sagittas,
1009 1652 1116 1730 quibus
1139 1671 1178 1712 ex

131 1739 290 1815 longinquo
314 1754 383 1796 usus
405 1744 467 1811 est,
494 1738 654 1796 cornminus
675 1736 830 1814 adplicitus
854 1735 1003 1796 eluderet:
1026 1754 1085 1815 quo
1107 1754 1177 1797 con·

131 1823 214 1898 silio,
239 1823 305 1901 quia
328 1819 479 1897 quamdam
500 1819 624 1879 lidueiac
640 1821 726 1880 etiam
745 1819 876 1898 specicm
888 1828 1104 1898 ostentaverat,
1128 1840 1177 1881 ce·

131 1906 233 1965 leriter
254 1904 396 1964 barbaros
418 1903 585 1963 debellavit.

216 1991 245 2052 6.
289 1987 446 2063 Hannibal,
469 1988 546 2067 apud
568 1988 782 2048 Numistronem
806 1996 908 2048 contra
930 1987 1102 2049 llarcellom
1125 2008 1176 2069 pu·

131 2080 286 2151 gnatums,
309 2089 396 2131 cauas
420 2080 449 2131 et
471 2082 643 2151 praeruptas
664 2073 727 2132 vius
748 2072 859 2132 obiecit
881 2071 1024 2140 alatere;
1051 2075 1176 2153 ipsaque

132 2158 191 2218 loci
213 2167 313 2217 natura
340 2174 394 2236 pro
416 2158 597 2217 munimentis
622 2176 710 2231 usus,
733 2157 924 2217 clarissimum
945 2157 1049 2216 ducem
1074 2160 1156 2218 vicit.

217 2246 245 2303 7.
290 2240 370 2301 Idem
381 2239 590 2321 apudCannas,
603 2259 668 2301 cum
684 2241 890 2318 comperisset,
899 2240 1042 2301 Volturno
1052 2242 1176 2321 (vento)

135 2326 301 2405 Vergellum
327 2343 439 2385 amnem
461 2326 536 2386 ultra
557 2325 737 2402 reliquorum
758 2334 887 2384 naturam
909 2324 1054 2385 fluminum
1075 2328 1177 2404 ingen-

132 2422 177 2471 tes
200 2429 285 2471 auras
302 2427 386 2468 mane
407 2408 552 2488 proflare,
577 2426 652 2487 quae
672 2426 825 2469 arenarum
845 2417 876 2469 et
897 2409 1026 2487 pulveris
1046 2413 1177 2471 uertices

133 2504 270 2572 agerent,
294 2494 337 2551 sic
359 2492 466 2551 direxit
486 2493 596 2567 aciem,
625 2501 656 2551 ut
674 2501 735 2552 tota
756 2495 801 2553 vis
819 2511 837 2553 a
858 2502 945 2570 tergo
968 2496 1047 2569 suis,
1069 2493 1177 2555 Roma-

131 2580 220 2637 nisio
237 2594 289 2635 ora
304 2584 333 2635 et
354 2575 457 2635 oculos
473 2576 624 2635 incideret.
670 2575 782 2650 Quibus
798 2578 989 2638 incommodis
1009 2580 1083 2637 mire
1101 2579 1177 2639 hosti

132 2659 369 2734 adversantibus,
392 2660 470 2719 illam
494 2659 713 2719 memorabilem
734 2662 858 2740 adeptus
882 2671 927 2721 est
949 2664 1115 2723 victoriam.

218 2743 247 2804 8.
291 2741 416 2819 Marius,
444 2743 586 2804 adversus
614 2743 750 2805 Gimbros
783 2755 813 2805 et
841 2744 991 2807 Teutonos
1018 2749 1177 2806 constituta

133 2828 180 2888 die
200 2836 395 2907 pugnaturus,
425 2828 565 2893 firmatum
594 2828 662 2889 cibo
683 2830 803 2889 militem
831 2839 898 2889 ante
920 2840 1016 2892 castra
1038 2832 1177 2891 conloca·

50 2942 58 2954 ·
132 2913 190 2988 vit,
220 2922 251 2972 ut
280 2930 333 2991 per
357 2912 532 2991 aliquantum
556 2912 658 2992 spatii,
689 2931 748 2991 quo
776 2914 937 2974 adversarii
957 2915 1178 2987 dirimebantur,

133 2998 281 3057 exercitus
300 2996 424 3057 hostiurn
445 3000 542 3076 potius
563 2996 667 3057 labore
690 2998 800 3057 itineris
827 2998 1050 3075 profligaretur:
1072 3000 1177 3075 latiga-

132 3084 204 3142 tioni
232 3081 336 3141 deinde
365 3099 465 3142 eorum
491 3082 704 3141 incommodum
726 3081 803 3141 aliud
827 3081 951 3158 obiecit,
983 3084 1021 3143 ita
1044 3083 1180 3143 ordinata

133 3167 214 3239 acie,
237 3174 267 3225 ut
289 3166 415 3225 adverso
437 3164 502 3225 sole
526 3173 556 3224 et
576 3174 664 3225 vento
686 3174 715 3225 et
736 3166 859 3245 pulvere
874 3165 1064 3227 barbarorum
1088 3184 1179 3227 occu·
1224 3227 1225 3244 ,

133 3256 253 3324 paretur
274 3251 431 3308 exereitus.

218 3328 248 3388 9.
294 3328 469 3390 Cleomenes
491 3331 741 3392 Lacedaemonius
768 3334 909 3394 adversus
929 3331 1064 3414 llippiarn
1087 3333 1180 3395 Athe·

133 3410 280 3486 roiensem,
299 3414 347 3489 qui
366 3417 493 3491 equitatu
508 3415 715 3494 praevalebat,
729 3416 899 3494 planiciem,
911 3419 940 3476 in
955 3436 1011 3496 qua
1027 3419 1180 3479 dimicatu-
1223 3441 1224 3444 ¹

133 3510 182 3553 rus
201 3502 279 3569 erat,
303 3494 455 3556 arboribus
474 3500 628 3577 prostratis
648 3499 799 3579 impedivit
816 3510 846 3561 et
864 3502 969 3562 inviam
986 3504 1077 3581 equriti
1095 3502 1180 3563 lecit.
