2475 3909
498 195 680 247 unrroare.
849 161 856 175 ’
1056 196 1134 246 xrn

77 356 250 429 emendavi,
264 372 317 431 pro
328 354 564 415 Lacedaemonem
574 368 687 437 acrem,
702 355 816 414 adiutus
833 354 917 416 codd
933 358 1085 432 Mediceis,
1102 364 1132 418 in

77 446 181 517 quibus
197 440 251 515 pro
272 456 370 499 aereus
385 448 515 498 exaratur
529 454 623 513 apros.
661 438 795 511 Sequitur
808 440 924 513 quidem
938 458 1053 515 opernm·
1079 447 1132 503 sed

77 544 168 599 supra
186 530 202 585 7
222 544 254 582 sc
274 518 433 597 excipiunte
455 522 894 582 boetium-hortae-eommts
915 527 944 591 in
957 528 1059 584 talibus
1074 544 1131 585 non

76 614 196 685 elegans
209 615 254 666 cst
265 614 372 666 noster.
401 610 588 681 Depopulatio
610 606 725 663 videtur
745 609 820 665 iactu
841 624 908 667 cese
924 626 961 665 ex
974 610 1130 683 Megaride,

9 726 10 731 κ
75 694 315 751 Lacedaemoniis
333 694 432 751 amica
449 685 463 773 ΙῙ
478 698 521 753 17.
544 696 638 763 cispite
650 690 798 764 obsecrare)
811 693 853 749 lta
867 709 965 749 omnes
978 695 1059 764 ltlss,
1073 712 1132 753 non

75 784 194 851 eiusque
207 777 372 844 obsecutos..
394 777 514 849 Explica
534 792 599 833 cum
622 775 712 832 ouda
732 792 795 831 cum
815 777 855 831 illi
875 779 1001 834 obsecuti
1023 788 1129 839 essent

74 862 154 919 Idem
168 860 309 933 Oud'pro
325 861 534 931 conditionibus,
550 853 784 932 quod'vulgatur,
799 861 867 932 legit
883 862 1038 919 condebant.
1053 855 1068 942 ΙΙ
1083 870 1128 925 18.

73 948 183 1019 'tepens
198 946 303 1015 dolum)
328 946 406 1001 Haec
420 960 562 1017 reponere·
574 958 662 998 ausus
674 958 738 998 sum
752 960 789 999 ex
801 946 884 1001 bonis
898 946 992 1016 libris,
1013 950 1061 1019 qui
1073 964 1127 1020 pro

75 1026 290 1101 mb'pendorem
312 1031 449 1100 praebent
472 1028 524 1083 snb
544 1030 641 1099 inpone
654 1026 760 1098 domei,
773 1028 902 1101 mde'pene
919 1030 1026 1099 mmm,
1040 1032 1127 1089 rubii·

74 1116 152 1170 ciens
179 1114 279 1173 dolum.
294 1104 308 1192 Η
324 1118 368 1172 19.
391 1112 508 1182 vicibus)
535 1126 586 1182 per
610 1111 699 1181 vices,
724 1112 754 1166 iu
777 1113 869 1172 vices.
914 1113 998 1171 Ovid.
1023 1116 1127 1173 cicitur

74 1198 162 1269 factis
178 1198 237 1279 (ap.
252 1198 398 1266 Forcell.).
419 1193 673 1265 '„Abwecheelnd,
689 1195 812 1252 uimlich
825 1203 906 1252 unter
918 1197 973 1252 den
989 1197 1126 1256 Soldaten
1194 1258 1202 1274 .

75 1281 128 1336 der
148 1282 294 1335 einzelnen
311 1279 448 1337 Schili'e.“
479 1278 518 1335 Gi.
535 1280 677 1349 Polyaen·
693 1279 725 1337 ll.
740 1282 773 1337 le
797 1266 857 1335 ἆνᾶ
873 1273 969 1357 μέρος.
986 1274 1000 1361 ΙΙ
1013 1284 1042 1337 in
1062 1297 1126 1339 eam

74 1380 140 1421 rem
158 1364 287 1435 remipes)
305 1363 352 1420 Sic
367 1363 529 1419 emendavi.
559 1362 644 1432 Vulg.
666 1362 696 1415 in
711 1375 745 1417 eo
762 1364 900 1434 remiyem.
937 1363 997 1422 Sed
1012 1367 1125 1435 plurimi

74 1448 142 1503 libri
154 1448 183 1501 in
194 1460 264 1501 eum.
291 1446 366 1502 Beue
382 1448 466 1503 etiam
482 1462 513 1501 se
530 1446 661 1501 haberete
681 1446 712 1498 r'n
724 1457 801 1501 eure
816 1447 954 1524 remigem
970 1438 985 1524 Η
998 1454 1043 1505 21.
1053 1462 1125 1519 per-

74 1534 176 1587 niciem
199 1532 344 1602 summam)
366 1531 407 1586 lta
424 1529 575 1586 emendavi
597 1544 650 1599 pro
665 1528 945 1599 pmnimoereebnum
960 1530 1037 1600 quod
1053 1546 1123 1604 syn-

42 1645 47 1656 ·
75 1616 148 1671 taxis
167 1632 223 1670 non
244 1615 377 1682 admittit,
399 1615 454 1669 nisi
475 1614 603 1685 corrigas
622 1610 724 1683 sunem
734 1613 1000 1684 pernieioeieemrom
1017 1614 1125 1682 (deleto

74 1702 190 1769 ouem).
207 1690 278 1778 1122.
293 1700 388 1756 adrisi.
403 1696 618 1771 mepistratibns)
633 1696 692 1752 hoc
703 1697 812 1751 restitui
825 1712 878 1768 pro
892 1698 1031 1766 malitibnn
1048 1697 1125 1770 quod

74 1786 102 1838 in
117 1784 196 1839 libris
212 1790 264 1839 cst.
295 1782 407 1855 Oppon.
422 1798 521 1837 omnes
532 1782 691 1836 Ennenees.
708 1771 722 1860 Η
735 1785 778 1840 26.
791 1780 898 1851 Cincio)
913 1782 999 1837 eLiv.
1012 1782 1124 1842 xxvlt

74 1872 108 1926 26
126 1867 242 1931 restitui,
259 1882 312 1937 pro
331 1866 466 1936 Crispino.
483 1857 497 1944 [1
510 1868 553 1925 27.
565 1865 616 1919 ced
627 1866 666 1933 et)
677 1871 704 1919 et
712 1867 847 1920 revocavi
863 1881 898 1921 ex
910 1867 1035 1922 Petrens.
1049 1858 1064 1946 ΙΙ
1078 1872 1122 1928 29.

74 1953 196 2020 ormam)
212 1966 265 2021 pro
281 1964 396 2005 armare
407 1950 502 2020 recepi
519 1966 555 2003 ex
570 1949 697 2004 Petrens.
711 1940 726 2029 Η
740 1948 917 2021 eufronem
931 1954 1027 2020 reum)
1042 1965 1123 2008 mnan

75 2035 180 2089 inserui
196 2049 233 2087 ex
248 2033 395 2103 Medepr,
414 2034 461 2104 qui
477 2034 554 2087 solus
573 2031 687 2087 exhibet
699 2046 764 2089 enee
783 2033 859 2099 (sine
874 2031 1020 2104 fratrem).
1052 2036 1123 2090 Tum

74 2134 125 2189 pro
140 2118 356 2173 committeretur
371 2132 407 2170 ex
421 2123 484 2171 ocio
500 2132 569 2171 mss.
592 2115 702 2169 restitui
723 2119 906 2171 committeret.
942 2117 1015 2173 0ud.
1035 2120 1123 2174 corri-

74 2202 127 2273 git=
138 2201 174 2255 L.
185 2200 279 2271 Sea'pio
292 2232 329 2242 -
343 2200 508 2256 exhortatus
519 2203 559 2254 eet
574 2212 641 2253 suos
650 2189 898 2253 -commttterent
907 2200 957 2266 (ex
966 2200 1042 2255 Med.
1053 2207 1122 2271 pn).

72 2285 176 2354 Miror,
195 2284 271 2355 quod
293 2286 378 2338 etiam
391 2300 444 2355 pro
466 2284 628 2339 sententium
643 2298 699 2336 non
722 2281 876 2337 correxerit
894 2282 1123 2339 exhortationem.

72 2368 234 2425 Reluctatur
254 2369 406 2425 ‘miiversus
434 2382 527 2422 rerum
557 2372 654 2423 statue.
699 2364 795 2437 Aeger
828 2363 942 2435 quidem
973 2367 1002 2422 Ρ.
1026 2364 1123 2437 Scipio

71 2452 177 2508 Elaeae
198 2454 365 2507 versabatur
385 2451 460 2518 (Liv.
480 2449 619 2504 XXXVII.
637 2451 695 2518 37),
717 2449 770 2505 sc'd
792 2454 859 2521 post
876 2466 999 2521 pugnam
1016 2448 1123 2507 Sardes

73 2554 103 2592 se
117 2537 228 2592 contert
244 2536 317 2602 (Liv.
340 2551 364 2589 e.
384 2538 434 2605 45)
450 2534 487 2589 ad
502 2535 629 2597 iratrem;
647 2538 675 2588 et
689 2548 858 2605 quamquam
874 2534 955 2591 Livio
973 2536 1123 2591 consilium

71 2620 162 2675 Publii
177 2621 304 2691 ignotum
321 2624 373 2687 est,
389 2626 481 2674 tamen
494 2622 585 2690 potest
600 2618 677 2673 fratri
694 2616 825 2687 dedisse,
840 2623 868 2672 et
878 2617 933 2674 hoc
947 2620 1041 2691 ipsum
1056 2635 1123 2675 con·
1169 2677 1171 2682 ,

73 2704 166 2758 silium
184 2703 372 2773 (sententium)
387 2707 500 2759 secutus
516 2702 616 2757 consul
627 2702 776 2756 victoriam
790 2701 909 2772 adeptus
925 2710 975 2760 est.
992 2696 1061 2782 1131.
1076 2706 1124 2776 qui

71 2789 209 2843 socmram
220 2787 342 2858 populus
356 2786 431 2853 erat)
453 2784 607 2855 „Welches
629 2785 708 2840 Volk
727 2801 764 2840 zu
783 2785 840 2841 den
859 2786 1122 2860 Bundesgenosseu

71 2871 222 2943 gehone.“
256 2870 313 2924 Vix
324 2886 393 2925 sana
410 2875 483 2924 sunt.
505 2868 567 2922 nn=
582 2868 631 2937 pai
643 2882 659 2921 e
672 2870 809 2922 sociorum
817 2871 932 2938 populis
944 2876 1045 2925 mont?
1060 2871 1120 2925 Ans

70 2956 118 3027 qai
131 2969 147 3011 e
161 2955 243 3011 roccis
251 2955 355 3025 populi
371 2952 493 3009 Romani
509 2954 610 3007 erant?
625 2940 640 3028 l}
653 2950 708 3017 nti)
730 2965 787 3003 non
809 2956 853 3014 nt,
880 2953 941 3005 libri
965 2950 1122 3015 Oudom·

70 3055 134 3095 nes.
150 3030 164 3117 ΙΙ
180 3042 223 3097 32.
239 3036 371 3109 moenis.)
388 3053 451 3093 eum
466 3035 538 3093 0ud.
565 3033 637 3088 Tum
652 3031 835 3104 confunderet
851 3049 914 3086 cum
931 3034 1035 3104 Lipsio.
1068 3035 1121 3089 lte

69 3124 155 3193 nique
169 3136 234 3177 suos
252 3137 307 3192 ego
323 3122 440 3177 inserui.
468 3118 560 3174 Antea
576 3118 738 3189 legebatur:
759 3115 873 3171 scientie
892 3116 989 3171 milites
1004 3118 1121 3191 confice·
1186 3164 1191 3171 .

68 3211 121 3261 ret.
137 3196 152 3285 ΙΙ
166 3208 210 3263 33.
219 3204 481 3277 Semproniumque)
493 3204 534 3258 lia
546 3216 609 3256 cum
615 3198 708 3257 Scriv.
722 3198 839 3267 cloud,
850 3215 902 3269 pro
914 3201 992 3273 vulg.
1003 3219 1119 3275 quoqne,

69 3290 148 3359 quod
161 3296 255 3345 tamen
277 3304 294 3343 a
308 3288 437 3359 plurimis
451 3287 529 3341 libris
544 3287 633 3341 abest
650 3275 722 3363 1134.
736 3283 887 3355 quondam)
908 3284 947 3341 ita
968 3286 1043 3343 llled.
1064 3306 1119 3360 pr.,

66 3388 120 3443 pro
136 3373 264 3444 wedam.
289 3362 303 3451 ss
321 3370 409 3444 quod)
424 3371 516 3442 aptius
533 3367 656 3436 videtur,
674 3384 758 3440 quam
767 3382 829 3438 pua.
843 3358 858 3447 ss
872 3372 932 3439 eos)
943 3386 978 3425 ex
993 3372 1120 3428 Petrens.

69 3447 84 3532 ΙΙ
101 3459 201 3528 usque)
223 3471 287 3511 oum
304 3454 439 3525 Gronov,
460 3469 512 3526 pro
537 3451 669 3523 undique.
703 3451 789 3507 Amat
808 3460 904 3508 noster
923 3455 1120 3527 ‹ad—usqne.

111 3554 233 3599 raone.
258 3552 373 3596 ernau.
893 3550 913 3603 b
971 3588 1017 3629 st.
