2475 3909
464 234 540 285 SEX.
564 234 653 283 mul
673 232 844 282 scortum

522 389 674 452 CAPUT
696 388 791 449 vtll.

377 524 425 569 nu
447 520 724 570 u1srn1nunun1s
750 518 934 567 susumus.

179 679 182 685 ·
221 645 248 705 1.
293 640 486 719 Coriolanus,
511 660 576 701 cum
597 642 783 719 ignominia·
797 639 987 701 damnationis
1010 658 1081 700 snae
1097 639 1183 700 bello

131 727 336 803 ulcisceretur,
350 727 569 806 populationem
580 727 767 804 patriciorum
777 742 914 801 agrorum
925 723 1057 800 inhibuit,
1067 725 1183 784 deustis

132 812 314 889 vastatisque
335 811 531 890 plebeiorum,
548 818 579 868 ut
591 808 767 871 discordiam
784 816 928 885 moveret,
945 825 1002 888 qua
1014 826 1182 869 consensus

131 894 328 955 Romanorum
346 895 579 971 distringeretur.

220 977 249 1037 2.
291 977 434 1039 Hannibal
458 976 596 1054 Fabium,
620 978 667 1037 cui
694 994 790 1056 neque
812 979 921 1037 virbrte
947 994 1043 1055 neque
1069 975 1182 1037 artibus

133 1062 262 1123 bellandi
282 1080 336 1141 par
358 1071 437 1139 erat,
456 1072 487 1123 ut
497 1062 612 1123 inlamia
625 1062 838 1138 destringeret,
856 1061 935 1138 agris
952 1061 1015 1119 eius
1030 1059 1182 1133 abstinuit,

136 1155 254 1207 ceteros
274 1147 440 1225 populatus.
487 1143 595 1205 Contra
616 1145 683 1221 ille,
702 1164 740 1205 ne
757 1154 895 1223 suspecta
910 1144 1024 1204 civibus
1038 1144 1115 1203 fides
1134 1162 1183 1202 es·

135 1239 199 1305 set,
223 1230 417 1307 magnitudine
436 1230 520 1290 animi
539 1228 654 1305 ellecit,
679 1228 835 1308 publicatis
854 1227 1091 1307 possessionibus
1107 1228 1183 1285 suis.

221 1314 250 1375 3.
294 1312 401 1375 Fabius
416 1313 558 1375 Maximus
570 1314 669 1391 quinto
684 1312 788 1373 consul
801 1332 865 1371 cnm
877 1311 1041 1387 Gallorum,
1054 1310 1185 1370 Umbro·

136 1416 215 1474 rum,
238 1396 428 1458 Etruscorum
451 1398 677 1475 Samnitiumque
700 1398 841 1457 aduersus
865 1395 1004 1475 populum
1021 1394 1184 1454 Romanum

136 1482 286 1541 exercitus
309 1483 455 1557 coissent,
484 1490 585 1541 contra
606 1498 681 1560 quos
703 1490 732 1540 et
759 1481 824 1559 ipse
846 1490 926 1539 trans
948 1478 1133 1557 Apenninum
1155 1481 1184 1537 in

136 1566 285 1627 Sentinate
303 1572 405 1626 castra‘
416 1564 643 1640 communiebat,
663 1566 781 1643 scripsit
792 1563 896 1623 Fulvio
910 1573 939 1623 et
950 1563 1116 1638 Postumio,
1134 1564 1183 1641 qni

136 1650 285 1729 praesidio
302 1649 368 1709 urbi
384 1658 482 1724 erunt,
499 1650 600 1726 copias
618 1650 654 1708 ed
671 1649 798 1708 Asisium
808 1657 971 1707 moverent.
1004 1647 1117 1721 Quibus
1134 1646 1183 1706 ad·

137 1734 265 1809 secutis,
289 1733 325 1793 ad
348 1750 399 1792 sua
422 1731 605 1792 defendenda
630 1732 747 1791 Etrusci
767 1732 927 1811 Umbrique
949 1731 1183 1791 descenderunt:

136 1817 258 1876 relictos
276 1816 420 1877 Samnites
439 1814 599 1895 Gallosque
615 1814 723 1877 Fabius
744 1824 774 1875 et
789 1816 908 1894 collega
921 1815 1031 1876 Decius
1046 1816 1184 1891 adgressi

137 1902 280 1959 vicerunt.

223 1984 253 2042 4.
297 1982 346 2042 Μ’.
374 1982 477 2043 Curius
505 1982 647 2044 adversus
670 1983 812 2060 Sabinos,
841 1984 890 2063 qui
911 1979 1021 2061 ingenii
1048 1984 1184 2043 exercitu

139 2068 309 2145 conscripto
331 2068 444 2129 relictis
462 2067 566 2128 finibus
587 2070 648 2129 suis
663 2078 781 2129 nostros
800 2078 1034 2147 occupaverant,
1056 2068 1184 2128 occultis

138 2151 290 2211 itineribus
304 2170 415 2213 manum
431 2154 522 2229 misit,
546 2170 620 2231 quae
641 2153 795 2214 desolatos
817 2170 906 2230 agros
923 2170 1023 2212 eornm
1039 2154 1184 2229 vicosque

139 2253 194 2314 per
213 2236 329 2299 diversa
350 2238 487 2298 incendit.
533 2236 632 2296 Sabini
654 2236 691 2297 ad
711 2237 867 2298 arcendam
890 2237 1080 2297 domesticam
1093 2236 1185 2294 vasti-

137 2329 226 2379 tatem
252 2330 454 2381 recesserunt:
488 2318 577 2379 Curio
605 2322 748 2397 contigit,
776 2330 806 2381 et
832 2339 943 2380 vacuos
965 2320 1105 2381 iniectare
1131 2320 1184 2378 bo-

138 2406 223 2487 stium
242 2406 332 2481 lines,
357 2414 387 2463 et
412 2405 575 2463 exercitum
603 2406 666 2463 siue
684 2406 800 2483 proelio
826 2414 961 2467 avertere
989 2422 1185 2484 sparsumque

140 2489 280 2547 caedere.

227 2570 256 2631 5.
303 2569 334 2632 Τ.
347 2569 448 2631 Didius
472 2573 617 2651 paucitate
636 2590 753 2633 suorum
775 2572 924 2649 diffidens,
948 2568 1058 2632 cumin
1076 2571 1185 2631 adven·

139 2663 198 2713 tuns
222 2671 320 2715 earnm
344 2655 507 2733 legionum,
533 2675 605 2736 quas
632 2658 842 2736 exspectabat,
870 2658 1002 2717 traheret
1023 2656 1135 2716 bellum
1157 2663 1186 2713 et

140 2754 300 2797 occurrere
323 2740 366 2797 eis
384 2739 499 2800 bostem
523 2743 746 2820 comperisset,
763 2742 907 2801 concione
929 2742 1074 2801 advocata
1091 2740 1186 2819 aptari

140 2823 224 2880 iussit
241 2822 345 2881 milites
365 2822 401 2883 ad
421 2842 564 2903 pugnarn,
584 2842 619 2885 ac
645 2825 682 2885 de
702 2825 841 2885 industria
863 2826 1062 2902 negligentius
1086 2832 1184 2884 custo·

140 2906 194 2966 diri
213 2909 359 2985 captivos:
385 2924 422 2966 ex
440 2908 544 2986 quibus
557 2910 658 2988 pauci,
682 2911 731 2989 qui
755 2910 961 2987 profugerant,
982 2909 1186 2968 nuntiaverunt

140 2991 201 3050 suis
223 3008 347 3069 pugnam
365 2992 524 3053 imminere.
571 2994 608 3052 At
629 2993 688 3068 illi,
707 3009 744 3053 ne
765 2995 955 3071 suspectione
978 2992 1085 3071 proelii
1103 2992 1186 3051 didu-

140 3082 243 3135 cerent
263 3076 360 3149 vires,
383 3078 542 3136 omiserunt
565 3094 724 3138 occurrere
747 3078 807 3151 eis,
831 3077 936 3154 quibus
960 3075 1185 3136 insidiabantur:

139 3157 276 3232 legiones
292 3160 435 3219 tutissime
452 3159 532 3219 nullo
549 3162 717 3238 excipiente
735 3160 771 3221 ad
785 3160 900 3221 Didium
916 3160 1126 3240 pervenerunt.

227 3239 257 3298 6.
301 3240 384 3301 Bello
401 3242 509 3304 Punico
528 3244 669 3321 quaedam
687 3246 838 3320 civitates,
860 3262 936 3322 quae
951 3263 967 3305 a
981 3244 1122 3303 Romanis
1136 3244 1185 3302 de·

98 3306 102 3311 ’
141 3321 233 3417 licere
252 3322 289 3382 ad
306 3323 420 3386 Poenos
436 3325 669 3405 destinaverant,
691 3346 755 3388 cum
780 3327 899 3388 obsides
922 3328 1090 3402 dedissent,
1112 3344 1186 3404 quos

140 3420 279 3482 recipere
298 3414 450 3483 antequam
471 3411 674 3472 desciscerent
692 3410 863 3487 studebant,
885 3412 1093 3472 simulaverunt
1109 3411 1186 3471 sedi-

142 3487 252 3547 tionem
266 3490 340 3549 inter
355 3490 490 3553 finitimos
506 3504 613 3574 ortam,
629 3514 713 3575 quam
729 3495 924 3556 Romanorum
941 3497 1032 3574 legati
1048 3496 1186 3556 dirimere
