2475 3909
117 205 159 269 dt
451 213 528 264 sax.
548 213 637 263 mun
656 208 829 261 monum

203 370 233 433 8.
257 369 426 450 Aristippus
439 366 688 430 Lacedaemonius
704 366 783 426 iesto
806 363 855 426 die
873 360 1087 438 Tegeatarum,
1111 373 1168 435 quo

120 458 212 520 omnis
230 454 380 516 multitudo
393 454 429 515 ad
447 450 654 515 celebrandum
664 450 815 511 ltinervae
825 464 943 507 sacrum
956 443 1031 504 urbe
1044 457 1171 519 egressa

120 550 199 618 erat,
224 542 350 600 iumenta
372 538 469 599 saccis
493 536 688 598 frumentariis
714 534 802 613 palea
828 530 949 592 refertis
976 535 1085 588 onusta
1113 523 1169 583 Te·

119 644 206 705 geum
225 625 319 699 misit,
340 619 493 700 agentibus
513 637 548 679 ea
570 618 722 695 militibus,
749 619 800 696 qni
820 614 1040 693 negotiatorum
1066 607 1172 688 specie

120 709 300 771 inobservati
320 715 421 786 portas
443 712 621 784 aperuerunt
642 704 712 761 suis.

206 794 236 853 9.
276 788 439 850 Antiochus
460 791 489 847 in
511 786 699 867 Cappadocia
718 802 757 845 ex
777 782 904 843 castello
923 779 1062 853 Soanda,
1090 775 1174 855 qnod

120 872 293 949 obsidebat,
315 876 441 933 iumenta
462 872 666 931 frumentatum
687 884 812 947 agressa
839 866 1016 942 intercepit,
1045 859 1174 920 o‘ccisis·

121 976 178 1037 qne
201 956 370 1032 calonibus,
397 954 563 1015 eorumdem
585 956 694 1014 vestitu
720 952 827 1012 milites
846 966 919 1009 suos
941 958 1092 1025 tamqnam
1114 945 1176 1004 irn-

120 1050 246 1102 mentum
269 1049 454 1120 reportantes
480 1038 627 1098 submisit:
656 1054 714 1115 quo
734 1051 839 1095 errore
860 1033 905 1094 illi
926 1029 1105 1091 custodibus
1125 1028 1176 1088 de·

123 1125 217 1204 ceptis
240 1125 394 1185 castellum
417 1124 596 1204 intraverunt
623 1121 861 1197 submiseruntque
887 1117 997 1175 milites
1020 1112 1176 1174 Antiochi.

210 1208 258 1270 10,
303 1208 448 1283 Thebani,
478 1225 541 1266 cum
569 1214 685 1284 portum
711 1203 917 1278 Sicyoniorum
938 1198 1021 1259 nulla
1043 1198 1075 1258 vi
1090 1196 1178 1257 redt-

121 1310 195 1371 gerc
223 1294 252 1351 in
277 1300 452 1371 potestatem
478 1307 558 1349 sunm
583 1297 723 1367 possent,
747 1304 854 1346 navem
881 1286 1033 1361 ingentem
1055 1281 1179 1342 armatis

122 1377 360 1456 compleverunt,
382 1375 517 1453 exposita
534 1390 625 1451 snper
644 1390 765 1448 merce,
781 1379 813 1429 ut
829 1370 1050 1445 negotiatorum
1069 1365 1181 1444 specie

121 1460 277 1524 fallerent:
293 1460 337 1520 ah
359 1478 395 1520 ea
416 1457 520 1518 deinde
542 1465 626 1535 parte
644 1472 808 1531 murorum,
831 1470 909 1533 quae
930 1451 1111 1529 longissime
1130 1466 1179 1508 re·

121 1553 200 1603 mota
217 1553 297 1619 erat,
316 1542 461 1622 adparere
479 1558 589 1619 paucos
606 1540 829 1618 disposuerunt,
853 1555 919 1597 cnm
937 1536 1047 1614 quihus
1064 1552 1082 1593 a
1099 1550 1180 1593 nare

122 1626 238 1705 qnidam
266 1627 382 1703 egressi
409 1626 534 1683 inermes
560 1623 695 1684 simulata
716 1624 780 1683 rin
808 1628 1031 1681 concurrerent.
1068 1618 1179 1691 Sicyo-

122 1711 176 1769 niis
199 1711 236 1769 ad
254 1708 442 1779 dirimendum
464 1707 492 1765 id
514 1707 638 1782 iurgium
657 1706 826 1781 advocatis,
850 1702 1012 1766 Thebanae
1032 1719 1132 1762 naves
1150 1709 1182 1759 et

124 1801 239 1870 portum
260 1801 411 1856 vacantem
433 1798 463 1849 et
483 1787 582 1847 urbem
601 1798 832 1867 occupaverunt.
995 1841 1001 1856 ,

209 1877 258 1934 11.
309 1872 476 1934 Timarchus
503 1869 645 1948 Aetolus,
678 1874 782 1933 occiso
811 1870 977 1949 Ghamrade
1010 1866 1182 1928 Ptolemaei

122 1956 204 2031 regis
224 1956 392 2035 praciaotp,
412 1954 573 2029 chlamyde
598 1956 765 2035 interempti
793 1966 824 2017 et
844 1956 951 2033 galero
972 1954 1011 2015 ad
1034 1951 1182 2013 Maccdo-

122 2030 218 2096 nicum
245 2048 363 2104 ornatus
392 2047 437 2099 est
462 2037 598 2099 habitum.
620 2016 700 2101 ¹sper
725 2039 803 2100 hunc
832 2058 967 2100 errorem
995 2054 1054 2117 pro
1084 2033 1183 2095 char-

122 2120 207 2183 made
229 2123 380 2186 San‘uunm
400 2124 430 2182 lh
452 2130 566 2201 portum
588 2133 747 2204 receptus,
770 2125 940 2203 occupavit.

384 2258 396 2281 ‘
524 2248 869 2350 curorrrr..'

331 2416 602 2495 I)·E,ELICIENDIS
625 2418 674 2463 AD
695 2419 954 2469 PRODITIONEM.
1031 2422 1036 2431 ’

213 2535 241 2591 1.
283 2520 416 2629 Papirius
439 2531 549 2594 Cursor
577 2538 681 2614 copsnl
703 2540 780 2618 apud
805 2540 963 2599 Tarentum
981 2538 1109 2615 Miloni,
1135 2538 1189 2617 qui

126 2628 190 2670 cum
225 2616 372 2690 praesidio
406 2614 591 2695 Epirotarum
623 2621 723 2682 urbem
757 2618 928 2701 obtinebat,
963 2624 1095 2685 salutem
1128 2623 1189 2701 ipsi

126 2700 156 2751 et
175 2697 383 2797 popularibus,
407 2700 431 2757 si
451 2718 505 2779 per
524 2701 604 2761 illum
623 2706 734 2783 oppido
753 2708 916 2785 potiretur,
941 2708 1103 2787 pollicitus
1127 2715 1187 2765 est.

127 2773 239 2848 Qurhns
260 2799 396 2859 praemns
414 2783 464 2844 ille
488 2795 643 2865 corruptus
659 2792 806 2867 persuasit
819 2790 1006 2869 Tarentinis,
1023 2800 1059 2851 ut
1079 2808 1120 2851 se
1143 2792 1189 2851 le·

125 2867 222 2935 gutum
242 2866 278 2925 ad
294 2868 444 2928 consulem
459 2870 620 2931 mitterent:
640 2889 656 2930 a
677 2889 735 2950 quo
750 2874 839 2952 plena
861 2878 1009 2953 promissa
1030 2893 1072 2935 cx
1091 2884 1189 2953 paeto

126 2941 277 3041 referens,
305 2953 333 3011 in
355 2954 541 3013 securitatem
566 2955 731 3034 oppidanos
750 2958 896 3035 resolvit,
921 2969 1013 3038 atque
1035 2961 1077 3019 ita
1103 2961 1190 3019 incu-

127 3025 263 3090 stoditam
284 3036 385 3095 urbem
408 3034 527 3097 Cursori
545 3038 672 3098 tradidit.

211 3110 240 3171 2.
282 3116 320 3177 Μ.
338 3119 513 3195 Marcellus,
539 3138 603 3180 cum
618 3122 835 3197 Syracusanum
857 3124 1016 3204 quemdam
1035 3127 1190 3186 Sosistra-

127 3198 185 3247 tum
204 3195 240 3289 ad
264 3203 459 3275 proditionem
480 3204 688 3284 sollicitasset,
709 3226 749 3268 ex
772 3228 810 3271 eo
833 3210 976 3287 cognorit
991 3211 1192 3270 remissiores

128 3274 274 3407 custpdras
295 3284 362 3347 iore
380 3289 427 3350 die
444 3288 540 3364 festo,
564 3307 622 3368 quo
640 3289 790 3369 Epicydes
811 3294 1001 3374 praebiturus
1017 3302 1107 3354 esset
1129 3296 1191 3354 vini

126 3366 182 3423 ⁶1¹⁰
196 3368 336 3437 anumque
359 3372 483 3450 copiam.
524 3371 616 3450 lgitur
637 3376 788 3437 insidiatus
809 3378 949 3439 hilaritati
964 3387 996 3438 ct
1015 3395 1098 3456 quae
1122 3397 1191 3438 eam

126 3431 304 3505 sequebatur
327 3454 514 3539 socordiae,
551 3459 723 3518 munimenta
753 3462 946 3537 conscendit,
979 3462 1191 3541 vigilibusque
