2475 3909
55 230 408 284 suasanuuusnucou
419 231 1037 284 ura.m.css.xvm-me.1v.css.1.
1067 218 1108 282 79

115 385 170 448 Vl.
213 386 261 448 De
283 385 402 448 adfectu
422 395 453 448 et
472 385 688 450 moderatione.

98 470 169 535 Vll.
214 470 262 532 De
280 472 372 533 variis
393 471 534 533 consiliis.

484 636 634 700 CAPUT
661 636 684 698 l.

437 771 487 819 nn
519 768 732 820 DISCIPLINA.

148 894 177 953 f.
218 891 251 953 Ρ.
271 889 372 970 Scipio
394 890 432 952 ad
452 889 633 951 Numantiam
656 900 825 971 corruptum
850 893 1034 973 superiorum
1056 894 1107 956 du·

58 995 126 1038 cum
162 975 300 1036 socordia
327 976 490 1036 exercitum
523 975 669 1052 correxit,
699 974 819 1037 dimisso
847 979 958 1056 ingenti
986 978 1109 1039 lixarum

58 1076 201 1137 numero,
222 1059 351 1120 redactis
372 1059 410 1120 ad
425 1077 528 1119 munus
544 1060 709 1138 quotidiana
725 1063 938 1123 exercitatione
959 1062 1108 1141 militibus,

59 1145 185 1226 quibus,
215 1162 281 1204 cum
310 1143 452 1223 frequens
476 1144 642 1221 iniungeret
666 1145 737 1221 iter,
771 1154 890 1224 portare
917 1147 1109 1225 complurium

58 1231 176 1290 dierum
199 1226 306 1289 cibaria
329 1227 507 1307 imperabat,
528 1229 568 1288 ita
588 1235 621 1288 ut
641 1228 752 1305 frigora
772 1239 802 1290 et
819 1229 928 1290 imbres
944 1232 1015 1309 pati,
1033 1231 1109 1292 vada

59 1313 209 1373 fluminum
241 1311 367 1391 podibus
394 1314 522 1372 traicere
556 1310 751 1372 adsuesceret
778 1313 880 1389 miles,
910 1313 1109 1392 exprobrante

59 1395 187 1457 subinde
217 1396 394 1475 imperatore
419 1397 600 1457 timiditatem
622 1403 652 1455 et
673 1395 833 1472 ignaviam,
860 1395 1014 1473 frangente
1036 1395 1109 1456 deli·

59 1480 183 1542 catioris
211 1498 282 1539 usus
311 1497 348 1540 ac
374 1497 476 1558 parum
501 1478 673 1540 necessaria
699 1478 879 1556 expeditioni
905 1495 1000 1540 vasa:
1029 1478 1109 1558 quod

58 1564 188 1625 maxime
217 1562 386 1624 notabiliter
413 1563 521 1626 accidit
550 1561 585 1623 Ο.
608 1561 744 1622 blemmio
766 1562 897 1639 tribuno,
927 1564 974 1623 cul
997 1562 1109 1624 dixisse

60 1647 186 1709 traditur
206 1648 323 1727 Scipio:
346 1646 417 1709 illibi
443 1647 606 1728 paullisper
631 1656 662 1708 et
689 1646 889 1726 reipublicae,
917 1647 970 1708 tibi
991 1664 1109 1726 semper

59 1750 98 1792 ne
142 1749 189 1791 am
211 1750 282 1792 erus.

101 1749 182 1876 qui.
223 1816 260 1890 Q.
282 1814 420 1876 lietellus
439 1814 522 1875 bello
544 1813 712 1892 Iugurthino
736 1815 868 1876 similiter
894 1816 1007 1896 lapsam
1036 1813 1109 1874 mili·

61 1911 124 1961 tum
146 1901 331 1979 disciplinam
351 1899 415 1978 pari
430 1899 590 1959 severitate
612 1899 755 1976 restituit,
779 1919 843 1961 curu
867 1901 987 1980 iusuper
1009 1899 1109 1981 probi·

62 1985 179 2046 buisaet
201 1985 259 2046 alia
275 2001 363 2044 carne
385 2000 470 2061 quam
489 2000 556 2043 assa
576 1982 693 2043 elixave
715 1984 822 2045 milites
843 1986 894 2046 uti.

151 2069 181 2130 3.
225 2067 353 2144 Pyrrhus
380 2066 526 2127 delectori
550 2083 606 2126 suo
634 2066 727 2128 fertur
752 2067 881 2129 dixisse:
911 2067 954 2129 'l'u
983 2068 1111 2147 grandes

64 2155 165 2231 elige,
188 2169 246 2230 ego
266 2167 339 2211 vero
362 2150 457 2211 fortes
475 2150 605 2211 reddum.

149 2235 182 2301 4.
213 2235 258 2304 L
284 2233 386 2296 Paullo
405 2243 448 2295 ,et
470 2233 505 2298 0.
526 2234 662 2295 Varrone
691 2231 860 2294 consulibus
885 2233 991 2294 milites
1016 2236 1119 2314 primo

63 2319 254 2382 iureiurando
271 2319 343 2382 iacti
364 2327 446 2388 aunt;
468 2328 553 2380 antea
574 2318 650 2378 enim
673 2326 856 2378 sacramanto
879 2317 1074 2379 tautummodo
1094 2336 1110 2379 a

62 2404 189 2465 tribunis
218 2403 413 2482 rogabantur:
442 2411 573 2463 ceterum
599 2403 658 2484 ipsi
680 2403 756 2462 inter
783 2419 817 2462 se
847 2400 1052 2484 coniurabant,
1077 2418 1111 2462 se

62 2489 155 2566 fugae
182 2497 271 2568 atque
298 2486 460 2548 formidinis
486 2503 575 2547 causa
597 2503 657 2546 uon
678 2486 808 2547 abituros
829 2503 925 2565 neque
948 2504 987 2547 ex
1010 2486 1111 2547 ordine

64 2589 259 2649 recessuros,
283 2571 341 2650 pisi
363 2571 415 2632 teli
436 2571 557 2651 petendi
577 2570 742 2632 feriendiro
763 2570 856 2632 hostis
884 2579 933 2633 aut
953 2571 1027 2632 civis
1048 2589 1110 2633 ser·

65 2655 153 2717 randi
176 2673 275 2716 causa.

151 2740 182 2800 5.
226 2739 329 2819 Scipio
356 2737 530 2815 Africanus,
556 2756 622 2798 cum
653 2747 784 2800 ornatum
810 2748 922 2800 scutum
947 2740 1111 2818 elegantius

67 2824 217 2894 cuiusdam
238 2823 378 2899 vidisset,
398 2821 488 2899 dixit,
510 2839 569 2881 nou
586 2823 684 2882 mirari
705 2839 755 2898 se,
779 2822 858 2901 quod
876 2831 954 2883 tanta
972 2842 1042 2886 cura
1064 2842 1111 2887 or-

65 2916 184 2985 nasset,
202 2909 233 2968 in
255 2923 314 2987 quo
335 2906 404 2986 plns
423 2907 578 2986 praesidii,
601 2923 687 2984 quam
706 2905 734 2964 in
757 2904 857 2982 gladio
880 2905 1014 2966 baberet.

151 2991 182 3052 6.
221 2991 392 3070 Philippus,
414 3008 479 3058 cum
500 2992 623 3069 primum
642 2991 804 3049 exercitum
830 2989 1038 3065 constitueret,
1061 3007 1112 3050 ve·

66 3075 232 3137 hicciorum
258 3093 343 3136 usum
372 3073 505 3135 omnibus
531 3072 696 3151 interdixit,
726 3071 871 3152 equitibus
899 3088 958 3132 non
989 3074 1114 3152 amplius

65 3178 154 3240 quam
180 3157 313 3236 singulos
331 3159 453 3219 calones
475 3157 587 3218 babere
607 3158 756 3236 permisit,
776 3155 935 3238 peditibus·
946 3165 1043 3218 autem
1063 3158 1114 3219 de·

65 3246 112 3305 uis
136 3243 288 3321 singulos,
310 3244 360 3322 qui
380 3243 475 3304 molas
496 3251 527 3303 et
547 3241 633 3302 funes
653 3242 776 3302 ferrent.
819 3240 852 3301 ln
874 3242 987 3304 aestiva
1005 3259 1114 3304 exeun-

65 3328 147 3390 tibus
167 3328 288 3406 triginta
310 3328 421 3389 dierum
443 3327 564 3386 farinam
582 3323 663 3386 collo
683 3335 804 3406 portare
825 3325 986 3404 imperavit.

154 3413 185 3472 7.
225 3409 258 3472 G.
277 3410 388 3473 diarius
404 3409 629 3472 recidendorum
645 3411 914 3490 impedimentorum
930 3411 1034 3490 gratia,
1054 3413 1116 3493 qni-

69 3495 126 3558 bus
140 3496 268 3558 maxime
284 3495 433 3558 exercitus
448 3511 554 3572 agmen
570 3503 726 3572 oneratur,
744 3511 813 3556 vasa
830 3503 859 3556 et
872 3495 980 3558 cibaria
997 3496 1116 3557 militurn
