2475 3909
123 202 164 267 52
460 214 535 265 sux.
558 214 650 263 sonu
667 199 845 262 rnosrmr

210 372 239 429 7.
283 367 472 430 Hannibalem
491 370 658 430 venientem
677 369 708 429 in
726 366 847 429 ltaliam
867 367 923 428 tria
942 366 1021 427 milia
1035 364 1179 447 Carpeta-

123 470 225 513 norum
246 454 442 531 reliquerunt:
473 470 546 531 quos
573 453 644 528 ille,
675 451 817 531 exemplo
845 469 883 512 ne
905 460 935 511 et
957 452 1050 512 ceteri
1072 470 1174 513 rnore-

124 545 239 613 reutur,
262 538 352 598 edixit
373 537 409 597 ab
432 554 465 597 se
488 555 556 597 esse
579 537 735 613 dimissos,
757 543 787 596 et
810 536 981 614 insuperis
1003 535 1091 595 fidem
1112 537 1177 595 eius

126 623 169 681 rai
196 637 307 701 paucos
330 622 497 683 levissimae
522 638 635 699 operae
657 622 761 682 domos
781 621 902 681 remisit.

210 704 240 767 8.
285 705 317 767 L.
339 705 495 781 Lucullus,
525 724 588 765 cum
615 705 869 767 animaduertisset
890 701 1071 763 blacedonas
1092 703 1177 780 equi·

125 798 188 865 tes,
223 807 297 868 quos
326 791 355 849 in
384 788 492 849 auxilio
519 788 665 865 habebat,
695 788 791 849 subito
822 804 969 847 consensu
997 786 1033 847 ad
1059 786 1177 846 hostem

124 872 328 950 transfugere,
348 874 431 950 signa
457 890 565 934 canere
585 874 669 934 iussit
689 882 719 933 et
741 881 865 948 turmas,
888 888 964 949 quae
988 888 1043 931 eos
1064 888 1174 947 seque·

123 964 240 1031 rentur,
268 958 392 1017 immisit.
437 956 553 1034 Hostis,
583 959 722 1017 committi
747 955 890 1035 proelium
915 963 1014 1031 ratus,
1046 955 1173 1015 transfu-

123 1041 239 1116 gientes
251 1042 318 1101 telis
335 1042 462 1119 excepit.
506 1039 704 1119 Macedones,
728 1059 792 1101 cum
810 1039 944 1099 viderent
962 1056 1059 1118 neque
1077 1040 1173 1116 recipi

124 1141 157 1184 se
175 1124 211 1185 ab
230 1126 407 1185 adversariis
426 1134 456 1184 et
478 1127 570 1203 premi
590 1124 696 1202 abiis,
720 1128 796 1204 quos
819 1122 1013 1199 deserebant,
1030 1141 1172 1183 necessa·

82 1229 85 1234 ·
124 1209 168 1267 rio
191 1209 228 1269 ad
250 1210 354 1269 iustum
376 1208 518 1287 proelium
542 1209 680 1269 conversi
700 1208 817 1269 hostem
839 1208 1015 1271 invaserunt.

209 1290 239 1353 9.
282 1292 422 1353 Datames
445 1293 503 1355 dux
525 1293 680 1355 Persarum
707 1293 850 1354 adversus
872 1290 1116 1369 Autophradaten
1143 1292 1173 1350 in

124 1373 330 1454 Cappadocia,
359 1396 423 1438 cum
451 1388 564 1457 partem
587 1379 716 1457 equitum
742 1376 860 1437 suorum
882 1375 1069 1452 transfugere
1091 1393 1173 1435 com-

123 1461 268 1537 perisset,
295 1470 414 1522 ceteros
444 1480 545 1522 omnes
571 1462 672 1521 venire
698 1478 799 1521 secum
826 1460 926 1526 iussit;
952 1460 1172 1539 adsecutusque

123 1542 287 1621 transfugas
321 1545 523 1622 conlaudavit,
552 1545 631 1626 quod
665 1562 730 1604 eum
758 1544 895 1604 alacriter
920 1545 1171 1621 praecessissent,

123 1626 313 1707 hortatusque
341 1638 387 1689 est
415 1646 468 1689 eos
497 1630 600 1704 edam,
629 1638 662 1688 nt
687 1628 804 1690 fortiter
833 1627 948 1688 hostem
971 1627 1169 1688 adorirentur.

122 1710 219 1773 Pudor
233 1711 390 1790 transfugis
407 1712 509 1772 adtulit
522 1713 749 1790 poenitentiam,
770 1721 801 1773 et
816 1712 967 1772 consilium
985 1730 1077 1788 suum,
1102 1714 1171 1790 quia

121 1810 178 1853 non
200 1796 338 1872 putabant
360 1796 592 1874 deprehensum,
613 1804 806 1857 mutarerunt.

208 1880 257 1941 10.
303 1878 336 1937 Τ.
367 1878 519 1953 Quinctius
546 1878 729 1959 Capitolinus
757 1880 877 1956 consul,
907 1878 1078 1940 cedentibus
1108 1878 1169 1939 llo·

120 1963 229 2037 mauis,
256 1963 409 2023 ementitus
430 1972 477 2023 est
499 1964 528 2022 in
547 1964 642 2025 altero
666 1982 757 2025 cornu
779 1964 882 2024 hostes
904 1962 1041 2042 fugatos,
1071 1974 1103 2025 et
1125 1965 1168 2024 ita

121 2044 298 2107 confirmatis
320 2048 380 2107 suis
399 2049 550 2109 victoriam
570 2048 678 2110 retulit.

206 2131 255 2189 11.
299 2129 338 2190 tl.
365 2130 472 2192 Fabius
501 2133 643 2193 adversus
675 2125 837 2207 Etrusco‘s,
867 2130 1020 2190 vulnerato
1046 2128 1170 2207 collega

119 2211 242 2291 Manlio,
272 2216 321 2293 qui
342 2217 487 2277 sinistrum
510 2235 600 2277 cornu
626 2216 768 2291 ducebat,
796 2224 826 2275 et
846 2213 885 2275 ob
904 2214 933 2274 id
955 2222 1039 2293 parte
1057 2230 1095 2273 ca
1116 2232 1168 2273 ce·

119 2298 224 2375 deute,
253 2317 317 2359 cum
345 2304 430 2361 etiam
454 2303 582 2361 occisum
602 2301 758 2361 crederent
779 2298 946 2374 consulem,
976 2315 1040 2357 cunr
1062 2299 1168 2356 turmis

120 2384 246 2458 equitnm
270 2385 415 2457 occurrit,
440 2383 590 2443 clamitans
612 2392 643 2443 et
660 2384 806 2461 collegam
826 2384 928 2442 virere
950 2390 1035 2442 etse
1057 2378 1168 2441 dextro

119 2482 210 2525 cornu
226 2467 343 2526 vicisse.
372 2464 435 2538 Qun
449 2468 610 2525 constantia
621 2466 827 2544 redintegratis
840 2468 939 2527 animis
952 2482 1068 2526 snorum
1082 2467 1167 2525 vicit.

205 2547 254 2605 12.
300 2547 406 2607 lilarius
427 2549 568 2609 adversus
586 2548 721 2611 Gimbros
741 2560 771 2611 et
792 2551 959 2626 Teutonos,
982 2568 1048 2609 cum
1067 2558 1167 2610 meta·

26 2624 31 2635 '
118 2638 199 2689 tores
222 2632 285 2689 eius
309 2648 363 2708 per
384 2632 604 2709 imprudentiam
632 2636 670 2694 ita
695 2636 799 2695 castris
822 2634 917 2695 locum
942 2634 1111 2712 cepissent,
1135 2643 1168 2693 ut

117 2712 170 2773 sub
193 2721 340 2790 potestate
364 2713 553 2777 barbarorum
574 2727 655 2778 esset
672 2736 764 2796 aqua,
786 2718 983 2795 flagitantibus
1005 2736 1069 2778 eam
1090 2720 1165 2791 suis,

117 2796 207 2873 digito
231 2798 345 2859 hostem
367 2800 544 2879 ostendens,
575 2801 676 2879 lllinc,
706 2804 811 2881 inquit,
841 2802 968 2881 petenda
995 2811 1049 2861 est.
1097 2802 1166 2877 Quo

116 2882 250 2942 instinctu
273 2882 429 2944 adsecutus
450 2894 511 2962 est,
535 2895 566 2945 ut
589 2896 730 2966 protenus
752 2886 868 2946 barbari
891 2886 1075 2946 tollerentur.

204 2966 252 3028 13.
298 2966 331 3027 Τ.
353 2967 497 3029 Labienus
517 2979 584 3047 post
603 2970 800 3033 Pharsalicam
821 2988 964 3048 pugnam,
988 2988 1053 3030 cum
1076 2973 1163 3032 victis

114 3052 245 3128 partibus
267 3051 479 3127 Dyrrhachium
502 3052 679 3131 refugisset,
701 3054 817 3113 miscuit
838 3072 911 3115 vera
931 3054 1013 3113 falsis
1035 3063 1082 3130 et,
1105 3058 1176 3114 nou'

116 3134 213 3195 celato
237 3137 317 3195 exitu
343 3154 477 3215 pugnae,
506 3144 660 3215 aequatem
682 3139 805 3215 partium
827 3137 972 3198 fortunam
992 3140 1078 3213 gravi
1099 3139 1164 3200 vul·

114 3234 186 3275 nere
208 3217 345 3279 Caesaris
365 3220 460 3279 linxit:
485 3228 515 3280 et
534 3221 589 3280 hac
613 3222 835 3283 adsimulatione
855 3222 988 3300 reliqniis
1008 3221 1163 3301 Pompeia·

114 3315 214 3357 narum
235 3303 357 3375 partium
379 3304 513 3363 fiduciam
534 3303 616 3363 fecit.

201 3382 250 3438 14.
295 3381 333 3439 bl.
349 3382 438 3460 Cato,
463 3404 527 3446 cum
540 3386 726 3449 Ambracium
746 3407 783 3449 eo
804 3398 958 3466 tempore,
978 3406 1038 3469 quo
1058 3392 1164 3450 sociae

114 3477 203 3519 neves
235 3462 270 3519 ab
293 3462 409 3552 thetolis
432 3468 688 3546 obpugnabantur,
717 3473 885 3551 imprudens
910 3490 967 3533 uno
989 3471 1089 3533 lembo
1111 3474 1163 3534 od·
