2475 3909
220 214 565 265 srnnnnennrsnrcon
586 216 656 267 nun.
678 218 702 267 1.
724 218 801 271 cnr.
823 220 950 272 v-vrn
1070 212 1110 273 tr
1138 180 1143 187 ’

58 378 150 430 eunte
173 379 271 431 autem
294 379 357 430 toto
382 372 496 448 agmine
511 371 691 433 lectissimos
714 391 849 453 quosque
869 376 1002 437 retinnit:
1025 388 1055 439 et
1069 381 1108 439 ita

60 455 173 533 passim
195 456 273 515 circa
292 454 431 533 praedam
450 466 611 535 occupatos
634 456 755 535 hostes,
778 460 834 519 ianr
849 461 936 520 etiam
957 460 1106 539 fatigatos,

61 540 128 618 ipse
144 540 287 617 requietis
299 546 329 598 et
342 538 481 599 ordinatis
495 542 554 601 suis
573 542 734 619 adgressus
749 542 823 602 indit
837 545 977 625 exuitque
986 546 1106 623 praeda.

146 624 177 683 4.
204 622 270 682 Boii
289 625 317 682 in
331 622 406 682 silva
420 622 536 699 bitena,
560 642 617 704 qna
631 628 804 687 transiturus
819 636 884 688 erat
903 637 1005 687 noster
1020 646 1107 688 exer·

61 706 154 782 citus,
175 707 363 767 succiderant
377 706 501 767 arbores
516 709 565 786 ita,
587 718 618 769 ut
637 728 678 769 ex
699 718 783 787 parte
801 713 907 787 exigua
926 721 1108 772 sustentatae

62 799 190 865 starent,
214 789 310 851 donec
332 790 566 869 impellerentur;
587 793 762 855 delituerant
777 794 882 855 deinde
896 796 933 857 ad
948 805 1106 856 extremas.

61 873 119 953 lpsi
143 874 212 951 ubi,
240 875 376 952 ingresso
398 875 501 935 silvam
524 875 627 954 hoste,
656 880 685 938 in
709 880 857 957 proximas
877 879 1035 940 ulteriores
1055 882 1107 939 im·

61 958 216 1035 pulerunt,
247 976 284 1018 eo
302 959 394 1022 ,modo
417 970 580 1039 propagata
601 964 713 1043 pariter
734 980 823 1043 snpra
844 962 992 1025 Romanos
1013 965 1107 1043 ruina,

60 1058 194 1120 magnam
214 1060 327 1103 manum
350 1042 500 1103 eliserunt.

457 1209 608 1273 catut
636 1212 712 1273 Vll.

57 1342 340 1401 Qunntnntuonttnt
357 1344 403 1390 EA
409 1376 419 1410 7
441 1342 567 1403 QUIBUS
588 1342 795 1409 numentum,
813 1341 1020 1392 wentanum
1034 1345 1108 1393 NON

232 1426 562 1494 Dnnsstb,nun1tsus
578 1426 700 1475 EORUM
717 1426 938 1475 EXPLEATUR.

150 1548 179 1604 1.
223 1544 254 1608 b.
273 1544 420 1607 Caecilius
438 1546 594 1623 Metellus,
616 1546 684 1625 quia
705 1564 760 1607 usu
777 1548 903 1622 namura,
924 1546 1029 1624 quibus
1047 1547 1109 1608 ele·

59 1630 188 1707 plantus
211 1638 441 1709 transportaret,
464 1629 668 1707 deficiebatur,
690 1632 783 1691 iunxit
796 1630 875 1690 dolia
891 1632 1109 1709 constraritque

58 1712 275 1790 tabulamentis,
294 1732 329 1774 ac
344 1734 434 1795 super
445 1732 480 1775 ea
491 1716 604 1794 positos
618 1732 672 1794 per
683 1715 811 1776 Siculum
826 1715 933 1774 fretum
942 1716 1109 1775 transmisit.

148 1797 179 1856 2.
212 1797 371 1875 Hannibal,
391 1816 455 1859 cum
471 1801 499 1858 in
515 1798 640 1878 praealti
656 1798 780 1859 dominis
794 1800 945 1859 transitum
967 1799 1108 1880 elephan-

61 1891 107 1941 tos
130 1898 189 1941 non
218 1890 322 1959 posset
344 1882 543 1961 compellere,
570 1900 668 1962 neque
693 1885 808 1945 navium
835 1902 892 1943 nec
913 1884 1107 1959 materiarum,

62 1965 168 2043 quibus
189 1964 271 2025 rat‘es
293 1974 537 2044 contexerentur,
567 1968 682 2046 copiam
705 1966 845 2043 baberet,
874 1970 957 2027 iussit
983 1968 1108 2029 ferocis·

61 2052 165 2109 simum
185 2050 373 2129 elephantum
394 2051 448 2111 sub
468 2068 537 2125 aupe
558 2051 706 2111 vulnerari
727 2059 758 2109 et
779 2069 863 2125 eurn,
886 2053 936 2129 qui
957 2051 1107 2113 vulneras·

62 2142 126 2209 set,
164 2142 313 2195 transnato
342 2136 436 2195 statim
461 2135 578 2196 flumine
608 2151 798 2213 procurrere.
852 2132 1033 2209 lllepbantus
1056 2153 1107 2194 ex·

61 2227 220 2296 asperatus
249 2219 286 2279 ad
315 2221 551 2298 persequendum
575 2218 687 2280 doloris
709 2218 753 2276 sui
778 2223 928 2276 auctorem
949 2219 1110 2277 transnavit

60 2301 248 2378 amnem,'et
269 2303 392 2382 reliquis
410 2304 488 2364 idem
510 2304 636 2366 audendi
657 2303 729 2363 lecit
746 2300 922 2379 exemplum.

149 2386 179 2449 3.
224 2384 504 2463 Carthaginiensium
537 2389 630 2449 duces
661 2386 828 2447 instructori
863 2384 1007 2460 classem,
1022 2385 1109 2467 ,qnia

62 2478 167 2546 sparto
196 2470 422 2549 deliciabantur,
458 2471 585 2533 crinibus
612 2482 761 2533 tonsarum
781 2470 933 2531 mulierum
961 2468 998 2530 ad
1024 2469 1109 2530 innes

59 2553 241 2615 efficiendos
264 2556 309 2615 usi
331 2562 406 2615 sunt.
894 2604 896 2608 .

149 2640 180 2701 4.
224 2638 304 2699 ldem
326 2638 526 2700 Massilienses
545 2648 575 2699 et
596 2639 703 2700 Rhodii
724 2638 870 2699 iecerunt.

149 2724 179 2783 5.
224 2721 262 2783 ll.
283 2722 443 2802 Antonius,
466 2723 612 2784 allntina
634 2723 792 2803 prologus,
816 2723 945 2783 cortices
967 2740 1022 2801 pro
1043 2739 1108 2790 scu·

61 2806 98 2865 tis
120 2807 263 2868 militibus
285 2808 346 2867 suis
364 2805 454 2869 dedit.

148 2892 179 2953 6.
225 2892 369 2970 Spartaco
394 2893 549 2973 copiisque
577 2891 641 2952 eius
669 2897 752 2948 scuta
780 2906 820 2947 ex
844 2888 951 2947 mminc
978 2889 1108 2961 inerunt,

59 2991 141 3052 quae
166 2976 255 3057 coriis
279 2974 463 3052 tegebantur.

150 3062 180 3119 7.
224 3058 290 3119 Non
310 3059 440 3136 alienus,
468 3068 498 3119 ut
522 3056 665 3133 arbitror,
690 3056 738 3116 bic
759 3053 845 3115 locus
868 3061 931 3127 est,
958 3051 1111 3112 referendi

59 3141 172 3203 iactum
200 3141 360 3204 Alexandri
385 3142 555 3204 blacedonis
578 3142 649 3202 illud
673 3140 791 3217 nobile,
816 3138 882 3217 qni,
910 3154 966 3214 per
991 3135 1110 3196 deserta

58 3224 184 3287 Africae
203 3228 306 3287 itinera
321 3228 494 3305 grauissima
510 3227 558 3286 siti
575 3244 639 3287 curn
657 3226 790 3285 exercitu
809 3223 960 3297 adlectus,
982 3221 1112 3281 oblatam

58 3310 118 3369 sibi
145 3329 161 3371 a
184 3310 274 3371 milite
303 3312 331 3371 in
356 3312 443 3389 galea
472 3328 576 3391 aquam
602 3309 802 3389 spectantibus
824 3307 971 3367 universis
991 3306 1109 3372 eurota

59 3394 162 3454 utilior
184 3396 324 3475 exemplo
349 3396 578 3476 temperantiae,
606 3410 693 3473 qnam
722 3394 747 3453 si
769 3391 983 3453 communicare
1010 3398 1112 3471 potum

57 3478 217 3539 uoluisset.
742 3489 749 3498 ‘
1084 3496 1087 3505 ·

103 3598 226 3645 anone.
252 3598 368 3641 annau.
900 3574 919 3631 2
