2475 3909
251 227 594 279 suasurosnamuox
615 229 686 277 ua.
709 228 746 277 11.
776 228 853 279 cnr.
877 230 909 279 v.
1063 218 1098 279 tt

141 386 171 445 7.
213 382 378 458 Viriathus,
399 400 439 443 ex
466 382 581 443 latrone
608 382 668 445 dux
693 382 911 461 Lusitanorum,
939 388 1048 448 cedere
1071 408 1105 450 se

53 468 198 528 Romanis
221 468 368 547 equitibus
390 466 545 542 simulans,
568 467 719 547 usquead
742 468 838 529 locum
857 471 1062 548 voraginosum
1075 484 1106 535 et

52 552 221 632 praealtum
244 568 298 611 eos
319 551 470 630 perduxit;
497 560 527 611 et
549 571 636 631 quum
657 554 722 631 ipse
750 571 804 631 per
828 553 941 614 solidos
962 574 998 615 ac
1019 567 1106 617 notos

54 638 111 697 sibi
132 636 272 697 transitus
295 635 451 711 evaderet,
474 634 623 696 Romanos
645 638 765 713 ignaros
784 637 917 698 locorum
939 640 1104 701 immersos·

56 740 114 799 que
131 720 201 779 limo
222 720 339 780 cecidit.

142 803 174 866 8.
207 802 335 863 anitius
367 805 528 883 imperator
558 802 739 865 Celtiberico
765 805 864 883 bello,
895 807 1012 869 collatis
1039 828 1104 869 cum

55 891 143 950 hoste
174 888 294 961 castris,
325 890 440 967 equites
469 906 540 948 suos
565 890 648 948 iussit
677 891 841 951 succedere
865 891 902 951 ad
929 893 1104 954 munitiones

56 991 159 1033 eorum
181 971 389 1051 lacessitisque
405 971 538 1032 barbaris
553 974 685 1032 simulata
703 973 772 1051 iuga
787 976 916 1050 regredi.
958 976 1023 1037 lloc
1039 995 1103 1038 cum

55 1075 111 1137 per
122 1056 236 1135 aliquot
252 1055 315 1115 dies
327 1056 465 1132 lecisset,
483 1058 569 1117 avide
585 1058 805 1137 insequentibus
821 1057 996 1136 Celtiberis,
1015 1064 1103 1122 anim·

55 1142 183 1203 advertit
206 1148 302 1199 castra
325 1158 425 1201 eorum
449 1140 536 1201 solita
552 1141 666 1201 nudari:
689 1144 787 1221 itaque
809 1162 864 1221 per
882 1153 994 1222 partem
1017 1164 1102 1207 exer·

56 1228 132 1285 citus
158 1222 302 1283 custodita
324 1225 551 1300 consuetudine,
574 1226 640 1302 ipse
665 1245 729 1285 cum
751 1227 897 1305 expeditis
920 1238 989 1307 post
1007 1240 1103 1291 castra

53 1309 186 1369 hostium
207 1308 339 1367 consedit
365 1309 514 1377 occultus;
544 1309 704 1387 effusisque
726 1312 770 1370 eis
793 1328 832 1369 ex
848 1328 947 1387 more,
976 1323 1102 1392 repente

52 1394 184 1453 adortus
206 1401 235 1451 et
253 1392 399 1452 desertum
417 1394 528 1470 proruit
549 1392 658 1451 vallum
676 1402 708 1453 et
730 1402 825 1452 castra
848 1397 936 1471 oepit.

147 1477 176 1536 9.
221 1473 271 1535 cn.
291 1474 428 1552 Fulvius,
459 1495 524 1535 cum
551 1477 580 1543 in
602 1476 707 1535 linibus
729 1477 837 1536 uostris
857 1478 1006 1537 exercitus
1027 1477 1103 1538 Falt-

54 1577 177 1621 soorum
199 1559 286 1637 longe
309 1569 410 1620 nostro
429 1562 521 1619 maior
538 1568 635 1621 castra
650 1562 815 1637 posuisset,
837 1578 892 1639 per
907 1578 977 1620 suos
997 1563 1104 1623 milites

57 1643 202 1723 quaedam
221 1644 325 1722 procul
348 1661 364 1704 a
388 1646 492 1703 castris
510 1644 641 1704 aedilicia
656 1645 823 1721 succendit,
846 1653 877 1705 ut
893 1643 1016 1722 Falisci,
1033 1663 1103 1707 suos

55 1730 84 1789 id
106 1730 218 1789 iecisse
242 1729 414 1803 credentes,
437 1746 492 1805 spe
516 1728 645 1805 praedae
667 1728 905 1789 diffunderentur.

140 1813 190 1873 10.
235 1812 405 1872 Alexander
425 1831 480 1871 rex
501 1811 703 1891 Epirotarum,
728 1814 870 1874 adversus
894 1811 1012 1888 lllyrios
1033 1829 1102 1873 con·

57 1898 155 1958 locata
180 1898 209 1955 in
238 1897 348 1956 insidiis
376 1914 477 1972 manu,
505 1896 645 1975 quosdam
668 1917 705 1957 ex
730 1899 790 1957 suis
819 1897 918 1958 habitu
939 1896 1122 1976 lllyriorum

56 1982 193 2041 instruxit
211 1990 240 2039 et
256 1981 339 2040 iussit
354 1989 470 2041 vastare
487 1998 565 2039 suam
579 1980 789 2061 (Epiroticam)
811 1982 972 2058 regionem.
1017 1981 1104 2056 Quod

58 2084 123 2125 cum
145 2064 238 2139 lllyrii
258 2063 393 2123 viderent
413 2064 493 2139 lieri,
512 2066 569 2141 ipsi
591 2067 700 2143 passim
722 2067 858 2142 praedari
881 2076 1043 2143 coeperunt
1064 2084 1102 2127 eo

57 2150 211 2224 securius,
237 2146 316 2227 quod
337 2148 553 2227 praecedentes
571 2149 663 2209 veluti
683 2165 737 2225 pro
755 2149 992 2225 exploratoribus
1012 2149 1102 2211 habe·

56 2233 141 2302 baut;
171 2251 189 2309 a
215 2232 319 2311 quibus
347 2251 386 2292 ex
412 2233 552 2293 industria
584 2235 613 2291 in
643 2232 709 2293 loca
734 2234 832 2309 iniqua
858 2232 991 2306 deducti,
1021 2236 1103 2293 caesi

54 2318 208 2394 fugatique
231 2324 305 2375 suut.

145 2402 195 2461 11.
235 2399 374 2478 Leptines
397 2417 515 2479 quoque
545 2402 747 2475 Syracusanus
780 2398 922 2459 adversus
950 2395 1102 2476 Carthagi·

55 2486 177 2561 nie-uses
201 2486 308 2544 vastari
329 2501 399 2543 suos
422 2502 511 2561 agros
533 2494 562 2545 ot
579 2486 696 2545 incendi
712 2484 798 2545 villas
814 2483 996 2561 castellaque
1013 2501 1102 2561 quae·

56 2570 121 2629 dam
143 2569 308 2647 imperavit.
347 2565 622 2646 Carthaginienses,
643 2570 680 2630 ab
703 2572 763 2630 suis
779 2569 807 2630 id
822 2569 886 2628 lieri
904 2570 977 2645 rati,
1000 2569 1103 2647 stipsi

54 2662 202 2732 tamquam
220 2653 249 2712 in
268 2652 439 2721 adiutorium
460 2654 610 2732 exierunt,
635 2656 813 2734 exceptique
833 2654 869 2713 ab
888 2653 1104 2714 insidiatoribus

53 2738 110 2797 iusi
134 2745 212 2797 sunt.

141 2820 193 2881 12.
238 2818 399 2897 blaharbal,
414 2822 520 2881 missus
532 2834 547 2881 a
561 2820 850 2897 Carthaginiensibus
860 2821 1002 2881 adversus
1013 2819 1104 2881 Afros

55 2904 256 2981 rebellantes,
287 2923 352 2963 oum
381 2907 471 2965 sciret
496 2914 612 2982 gentem
637 2906 749 2965 avidam
776 2922 844 2962 esse
869 2906 944 2978 vini,
969 2922 1104 2980 magnum

56 2990 120 3049 eius
142 2988 260 3049 modum
282 2989 474 3066 mandragora
495 2989 681 3067 permiscuit,
704 2988 785 3047 cuius
805 2988 880 3045 inter
902 3004 1045 3045 venenum
1067 3004 1103 3045 ac

55 3090 197 3151 soporem
224 3072 318 3133 media
344 3075 388 3132 vis
409 3082 464 3133 est.
509 3072 589 3133 'lunc
610 3073 726 3151 proelio
748 3071 807 3131 levi
826 3070 981 3128 commisso
1005 3086 1043 3127 ex
1060 3070 1101 3128 in·

54 3156 166 3216 dustria
190 3159 299 3217 cessit:
330 3166 417 3218 nocte
442 3158 547 3217 deinde
569 3159 759 3235 intempesta,
779 3154 891 3215 relictis
913 3155 987 3213 intra
1006 3162 1102 3213 castra

54 3240 229 3319 quibusdam
256 3243 379 3302 sarcinis
408 3251 437 3301 et
467 3243 543 3302 omni
571 3244 639 3301 vino
657 3242 785 3315 iniecto,
816 3238 913 3315 lugam
936 3237 1101 3299 simulavit:

53 3342 183 3403 cumque
204 3324 339 3402 barbari,
368 3327 519 3407 occupatis
549 3327 653 3386 castris
672 3328 704 3385 in
725 3323 862 3401 gaudium
883 3323 984 3399 eliusi,
1010 3324 1100 3385 medi·

53 3418 152 3469 catum
170 3409 256 3468 avide
278 3427 388 3469 merum
405 3410 570 3471 hausissent
582 3420 612 3469 et
629 3413 658 3470 in
674 3409 790 3469 modum
805 3406 1007 3470 defunctorum
1019 3410 1102 3471 strati

48 3494 203 3569 iacerent,
225 3511 364 3557 reversus
385 3503 433 3557 aut
455 3495 534 3575 oepit
556 3511 610 3553 eos
633 3492 681 3555 aut
701 3493 865 3555 trucidarit.
