2475 3909
135 218 156 277 4
472 232 549 282 surr.
572 234 661 282 mnu
682 234 853 283 snourrur

136 386 178 444 vit
199 385 382 447 adolescenti
402 387 577 467 Tarquinio,
594 387 663 465 quid
682 397 818 465 agentem
835 397 947 467 patrem
961 386 1093 447 vidisset.
1125 388 1181 448 llle

137 470 301 544 intellexit,
323 472 399 531 idem
420 490 487 533 esse
510 471 702 533 eminentibus
723 471 842 532 Gabinis
863 472 1037 532 laciendum.

223 554 252 613 5.
283 552 316 613 G.
352 554 480 631 Caesar,
511 556 590 635 quod
619 565 787 634 suspectam
813 556 939 617 hahebat
966 555 1180 635 Aegyptiorum

136 636 222 697 iidem
232 681 240 711 ,
251 656 305 716 per
317 642 449 719 speeiem
463 641 645 713 securitatis,
660 641 845 719 inspectione
857 640 937 699 urbis
947 649 1034 717 atque
1046 657 1178 719 operum,

136 738 171 781 ac
194 722 278 781 simul
300 723 501 782 licentiorihus
520 724 662 782 conviviis
680 723 813 799 deditus,
834 724 929 784 videri
950 725 1042 784 voluit
1064 723 1179 801 captum

136 824 205 864 sese
229 807 322 879 gratia
340 806 487 881 locorum,
506 815 536 865 ut
556 806 591 865 ad
608 823 707 864 mores
728 806 944 867 Alexandrinos
961 810 1108 885 vitamque
1127 808 1179 867 de·

135 889 254 947 luceret:
277 898 364 966 atque
380 891 455 949 inter
474 907 537 949 eam
555 890 813 949 dissimulationem
837 893 1019 969 praeparatis
1040 891 1180 952 subsidiis

135 972 291 1049 occupavit
311 972 486 1051 Aegyptum.
873 1024 877 1029 .

220 1054 250 1113 6.
273 1054 426 1116 Ventidius
453 1056 586 1117 Parthico
615 1054 696 1116 bello
725 1055 866 1115 adversus
891 1056 1033 1117 Pacorum
1063 1076 1179 1135 regem,

134 1154 193 1197 non
215 1140 347 1217 ignarus,
371 1140 553 1199 Channaeum
580 1140 751 1217 quemdam,
780 1142 897 1200 natione
926 1139 1109 1215 Cyrresten,
1139 1160 1181 1200 ex

134 1223 170 1281 iis
191 1224 238 1300 qui
260 1225 334 1282 socii
357 1224 546 1297 videbantur,
578 1225 672 1282 omnia
701 1240 777 1300 quae
804 1224 881 1301 apud
905 1226 988 1301 ipsos
1019 1234 1182 1301 agerentur

133 1308 265 1365 nuntiare
280 1306 410 1382 Parthis,
422 1307 573 1385 perlidiam
594 1306 711 1366 barbari
726 1306 762 1365 ad
776 1302 915 1366 utilitates
935 1326 1003 1367 suas
1018 1309 1180 1367 convertit.

132 1389 205 1449 Nam
227 1408 301 1469 quac
323 1392 447 1451 maxime
470 1392 533 1449 lieri
550 1390 702 1467 cupiebat,
719 1407 755 1449 ea
776 1391 875 1449 vereri
895 1408 929 1449 se
945 1409 983 1449 na
994 1392 1179 1463 acciderent,

135 1490 209 1551 quae
228 1475 364 1551 timebat,
389 1494 424 1535 ea
446 1484 477 1533 ut
502 1475 653 1533 evenirent
685 1482 788 1550 optare
816 1472 979 1533 simulabat.
1023 1473 1179 1542 Sollicitus

132 1559 246 1636 itaque,
270 1577 307 1618 ne
325 1556 422 1620 Parthi
442 1568 507 1619 ante
528 1560 683 1617 transirent
698 1556 883 1634 Euphraten,
902 1576 987 1634 quam
1002 1556 1058 1616 sihi
1071 1575 1177 1635 super·

132 1644 265 1701 venirent
288 1643 421 1719 legiones
444 1660 516 1720 quas
536 1643 566 1700 in
585 1640 772 1720 Cappadocia
792 1650 871 1699 trans
891 1640 1016 1700 Taurum
1036 1640 1175 1714 hahebat,

134 1724 266 1787 studiose
290 1745 352 1785 uum
376 1726 526 1804 proditore
551 1726 628 1800 egit,
652 1725 694 1783 uti
713 1724 827 1783 solenni
842 1725 964 1802 pertidia
980 1725 1093 1785 Parthis
1108 1744 1176 1784 sua-

131 1810 231 1883 deret,
253 1826 308 1886 per
322 1810 450 1886 Zeugma
472 1809 632 1868 traicerent
647 1808 825 1882 exercitum,
850 1827 907 1886 qua
925 1818 955 1867 et
973 1808 1177 1868 brevissimum

131 1894 187 1951 iter
209 1900 254 1951 est
276 1902 305 1952 at
328 1894 436 1951 omisso
458 1892 544 1952 alveo
564 1888 731 1969 Euphrates
748 1891 893 1951 decurrit:
915 1910 1038 1971 namque
1058 1894 1082 1951 si
1104 1891 1175 1951 illac

130 1978 278 2051 venirent,
310 1976 503 2036 adseuerabat
530 1994 563 2035 se
593 1978 813 2054 opportunitate
841 1976 960 2035 collium
985 1993 1102 2035 usurum
1136 1976 1175 2035 ad

130 2059 294 2119 eludendos
316 2062 498 2137 sagittarium
522 2060 616 2119 omnia
637 2069 733 2119 autem
751 2061 863 2134 vereri,
881 2062 907 2119 si
929 2079 962 2119 se
983 2060 1056 2120 inira
1078 2061 1106 2119 in
1122 2076 1173 2137 pa·

129 2152 227 2202 tentes
249 2162 369 2224 campos
392 2146 597 2223 proiecissent.
642 2143 754 2203 luducti
771 2143 826 2203 hac
839 2144 1037 2205 adfirmatione
1055 2143 1174 2203 harhari

130 2227 271 2287 inferiore
290 2230 393 2290 itinere
416 2246 471 2309 per
500 2229 651 2289 circuitum
678 2227 859 2286 adduxerunt
888 2230 1064 2294 exercitum
1092 2227 1172 2285 durn-

130 2328 188 2390 que
210 2313 338 2373 fusiores
359 2316 439 2393 ripas
463 2322 492 2371 et
514 2312 552 2371 oh
574 2312 632 2372 hoc
652 2312 844 2387 operosiores
865 2321 971 2389 pontes
991 2313 1111 2387 iungunt
1129 2312 1172 2369 in·

129 2406 347 2475 strumentaque
370 2398 538 2468 moliuntur,
569 2394 758 2472 quadraginta
787 2396 911 2473 amplius
938 2396 1002 2455 dies
1021 2395 1171 2473 impende·

128 2489 203 2539 runt.
250 2478 314 2552 Quo
331 2482 424 2558 spatio
441 2478 592 2538 Ventidius
608 2477 644 2537 ad
666 2477 877 2539 contrahendas
890 2498 961 2539 usus
983 2488 1028 2539 est
1050 2481 1170 2557 copias;

129 2564 232 2641 eisque
257 2564 370 2637 triduo,
400 2572 553 2641 antequam
581 2561 703 2621 Parthus
733 2562 901 2639 adveniret,
926 2565 1073 2641 receptis,
1105 2565 1170 2621 acie

130 2644 286 2705 commissa
308 2648 379 2706 vicit
400 2647 541 2707 Pacorum
565 2655 594 2704 et
613 2646 771 2705 interfecit.

213 2732 244 2790 7.
264 2729 460 2805 Mithridates,
482 2730 718 2790 circumvallante
745 2730 900 2809 Pompeio,
930 2731 1029 2808 lugam
1049 2733 1078 2791 in
1100 2749 1169 2809 pro·

127 2816 231 2873 xlmam
252 2813 328 2873 diem
349 2814 490 2888 moliens,
518 2814 600 2873 huius
623 2814 738 2873 consilii
762 2814 938 2875 obscurandi
966 2833 1054 2875 causa
1082 2815 1169 2875 latius

128 2908 157 2957 et
179 2898 330 2977 usquead
351 2898 506 2976 adplicitos
529 2898 606 2958 hosti
627 2898 723 2957 vallos
742 2898 913 2976 pabulatus,
931 2898 1077 2976 colloquia
1096 2917 1168 2977 quo·

127 3000 184 3060 que
207 2982 423 3060 cumpluribus
447 2982 625 3043 avertendae
649 2984 824 3059 suspicionis
852 3002 939 3043 causa
968 2986 996 3041 in
1019 2992 1169 3060 posterum

127 3068 289 3134 constituit;
323 3070 406 3143 ignes
436 3068 522 3126 etiam
555 3067 773 3143 frequentiores
803 3085 858 3144 per
887 3076 1071 3143 totasastra
1104 3067 1168 3126 lieri

124 3152 217 3209 iussit.
264 3150 398 3209 Secunda
419 3150 524 3211 deinde
551 3150 652 3225 vigilia
679 3158 798 3227 praeter
825 3154 888 3229 ipsa
916 3152 1043 3212 hostium
1071 3161 1167 3210 castra

124 3250 229 3307 agmen
252 3233 360 3293 eduxit.

211 3314 239 3373 8.
263 3315 425 3393 lmperator
453 3315 564 3377 Caesar
590 3316 771 3378 Domitianus
793 3318 944 3394 Augustus
966 3317 1165 3392 Germanicus,

126 3414 189 3456 cunr
213 3397 389 3472 Germanos,
418 3403 466 3479 qui
493 3403 521 3459 in
546 3403 631 3460 armis
660 3402 874 3475 eraut,vellet
901 3401 1086 3479 obprimere,
1110 3421 1166 3461 nec

124 3483 273 3557 ignoraret
295 3484 403 3541 maiore
420 3482 527 3545 bellum
544 3485 695 3546 molitione
716 3487 856 3560 inituros,
879 3486 904 3545 si
919 3486 1075 3548 adventum
1096 3489 1166 3548 tanti
