2475 3909
529 212 709 265 coruom.
1093 228 1142 277 XV

77 364 167 439 ferre
188 366 366 425 dammi.
382 360 397 449 ΙΙ
412 366 610 440 dmorrmmnr)
631 386 674 433 sc.
689 378 839 445 proelium.
875 382 990 450 „Wenn
1009 386 1052 441 sie
1071 403 1139 447 auc·

79 450 214 506 rissen.“
231 450 272 508 Ci.
289 457 334 509 29.
361 444 375 531 ΙΙ
400 458 445 511 21.
460 468 522 508 cum
535 452 653 524 Paccio)
668 458 710 515 lta
722 475 826 537 nomen
841 466 972 523 scribitur
985 470 1074 527 tribus
1088 470 1140 529 Ta·

80 534 132 591 citi
149 534 233 590 locis.
264 535 331 591 Vid.
350 536 436 593 Orell.
455 535 493 591 ad
506 538 609 597 Annal.
623 539 695 598 xlll.
710 546 756 602 36.
776 546 864 603 Palat.
880 548 986 607 orbor.
1007 550 1140 611 Scriverii

81 632 160 673 unus
176 617 287 674 Imicon.
314 619 392 676 Med.
408 626 526 691 uterque
542 618 644 677 Secum
654 640 684 679 c.
697 636 723 681 c.
734 627 821 685 mitio.
854 630 929 689 Oud.
940 636 1034 707 magis
1049 622 1165 708 placst'

79 716 147 757 cum
158 700 246 769 Iccio,
264 704 311 758 vel
326 719 390 759 cion
411 703 473 759 loo.
507 704 633 761 Muretus
646 709 748 765 vultP.
759 712 839 771 Attio.
854 706 927 794 1124.
943 718 1142 791 imSomoirrm)

79 784 175 840 Libri:
195 784 322 855 Seruum,
346 786 487 859 Seruium,
506 787 654 859 socinum,
668 792 812 863 Firmum,
832 800 983 857 Firmium.
1021 804 1141 865 Secutus

82 884 149 925 surn
167 868 305 925 Niebuhr.
322 870 405 927 Riirn.
421 870 524 929 Gesch.
540 872 584 929 111.
599 890 630 944 p.
644 880 705 936 584.
725 869 740 956 ΙΙ
760 878 840 937 Idcm
858 887 985 956 omme)
1009 885 1090 944 Idem
1103 888 1141 947 de

81 967 149 1006 meo
165 952 283 1023 inserui,
301 960 328 1008 et
343 955 416 1011 inira
429 971 483 1028 pro
497 958 556 1011 crire
572 957 725 1017 emendavi
740 966 862 1021 concutis
884 968 979 1039 (coc).
1011 972 1141 1029 Alterum

82 1041 262 1107 strategema
285 1036 410 1095 distinxi.
443 1038 530 1095 Recte
556 1057 601 1096 me
623 1042 742 1114 iecisse,
768 1058 927 1122 coarguunt
950 1055 1035 1111 etiarn
1052 1059 1142 1114 verba

82 1135 162 1190 seq.=
186 1134 221 1175 oc
236 1123 346 1176 omaeilio
365 1124 392 1177 ei
411 1122 633 1181 submitterentur
639 1148 649 1188 ‚·
672 1143 739 1183 num
754 1132 897 1191 Plutarch.
923 1136 1022 1208 Pyrrh.
1042 1156 1068 1197 c·
1091 1146 1140 1201 18:

80 1188 325 1277 ἀναπληροῦντες
343 1197 377 1261 δὲ
396 1190 449 1273 τὰς
470 1195 564 1276 τάξεις
587 1202 641 1265 mori
663 1202 870 1286 συντάττοντες
899 1210 998 1289 ἐτέρας
1022 1210 1141 1299 προθύ-

80 1303 159 1359 μως.
176 1277 192 1365 Η
206 1282 250 1345 26.
266 1288 408 1361 relcyotis)
422 1291 506 1359 adut,
530 1290 607 1362 quod
620 1293 744 1367 additur,
760 1299 955 1359 Mediceorum
976 1309 1141 1365 auctoritate

81 1369 197 1425 delevi.
233 1369 274 1427 Cl.
289 1375 331 1430 44.
348 1363 362 1453 ss
376 1378 419 1433 26.
440 1376 549 1442 comi)
566 1391 582 1429 e
598 1379 743 1435 nonnullis
757 1382 837 1438 libris
851 1386 970 1441 restitui.
988 1378 1002 1464 Η
1015 1391 1059 1447 27.
1078 1392 1139 1462 ola-

81 1453 141 1509 diis
162 1456 279 1524 aptotis)
300 1455 340 1512 Gi.
360 1458 408 1513 111.
429 1462 457 1526 3,
478 1462 505 1517 9.
521 1458 583 1513 Liv.
605 1458 721 1514 XXVll.
742 1468 792 1523 1³:
812 1465 950 1523 dammim
962 1471 1064 1539 cludine
1081 1474 1140 1530 dio·

80 1538 192 1593 cinctos
207 1537 323 1594 doctiori.
353 1541 427 1596 Ante
447 1556 508 1597 me:
528 1542 664 1613 oclcotor.
680 1534 751 1622 [123
764 1549 930 1620 mitteretur)
965 1551 1038 1609 Oud.
1054 1558 1139 1613 mim·

81 1626 194 1675 rentur.
218 1612 232 1699 ΙΙ
251 1626 295 1681 29.
311 1623 350 1679 ao
366 1624 529 1693 Luceriam)
550 1632 580 1683 ut
600 1627 663 1681 Liv.
678 1628 715 1691 X.
732 1634 778 1688 35.
809 1630 885 1689 Oud.
903 1636 933 1689 im
949 1634 1020 1691 Luc.
1036 1627 1107 1716 1133
1121 1657 1141 1696 o

81 1705 176 1773 terro)
194 1705 250 1759 iarn
265 1707 386 1763 restituit
402 1705 490 1773 0ud.;
507 1707 591 1765 sede
607 1727 682 1767 voce
696 1714 764 1781 olio,
788 1731 861 1786 quae
877 1719 965 1773 estin
980 1722 1069 1792 vulg„
1090 1723 1140 1779 ad-

81 1788 136 1843 ieci
151 1788 233 1844 edita.
249 1780 264 1867 ll
278 1794 322 1849 36.
336 1793 472 1863 quorum)
492 1792 571 1863 lego,
592 1810 645 1864 pro
667 1812 794 1867 quorum.
810 1791 824 1879 ΙΙ
839 1804 883 1861 38.
905 1803 1074 1875 mmhumot)
1099 1808 1141 1866 lta

83 1870 206 1927 Casaub.
222 1872 328 1944 etalii,
343 1891 396 1945 pro
414 1876 548 1931 dimersi.
570 1867 583 1955 ΙΙ
604 1882 650 1937 39.
666 1881 851 1954 caedendum)
872 1901 928 1958 ego
945 1888 1062 1947 inserui.
1076 1881 1090 1969 ΙΙ
1105 1906 1141 1949 mc

79 1956 119 2011 ibi
130 1956 243 2027 quidem
263 1960 332 2027 etc.)
362 1957 434 2016 Oud.
452 1973 504 2015 nec
520 1959 559 2013 ibi
576 1962 685 2033 quidem
700 1968 889 2025 remissionem
907 1973 1037 2044 supplicii
1056 1979 1141 2046 prim

81 2042 190 2108 meruit,
210 2058 251 2097 sc.
266 2040 385 2097 Fabius:
402 2056 475 2113 quac
490 2043 561 2097 ratio
578 2046 670 2101 turbat
684 2052 827 2118 syntaxin.
865 2053 999 2112 Nonnulli
1015 2059 1077 2113 libri
1091 2074 1138 2115 rc-

81 2125 174 2179 missio
197 2130 226 2178 ct
245 2127 373 2181 remisso.
406 2126 492 2198 Vulg.
513 2127 630 2183 remisso
643 2132 729 2200 prim
752 2147 818 2203 sap.
839 2143 922 2193 meta.
957 2140 1038 2196 Haud
1054 2146 1138 2212 pauci

82 2221 118 2262 me
131 2206 177 2263 ihi.
208 2207 274 2263 Vox
282 2210 368 2279 prime
381 2216 469 2265 mutat
484 2212 585 2290 locurn.
618 2210 662 2265 Ex
677 2212 724 2267 his
740 2214 963 2287 refinxilocum‚
984 2229 1015 2275 ut
1031 2224 1138 2282 editum

81 2290 176 2347 vides.
207 2290 277 2359 „Die
292 2293 314 2347 F
316 2292 397 2349 urcht
416 2294 500 2361 (aller
512 2294 729 2366 Anwesenden)
751 2314 804 2353 vor
820 2299 871 2355 der
886 2301 1072 2377 llinrichtung
1085 2308 1137 2364 des

81 2374 186 2430 Fabius
201 2375 270 2431 liess
286 2376 363 2431 nicht
377 2377 469 2445 nach,
485 2378 558 2433 bie.“
588 2378 650 2435 Liv.
666 2380 740 2435 Vlll.
758 2386 808 2441 35:
829 2382 955 2465 liberarit
974 2402 1058 2445 omcrc
1071 2405 1136 2445 coo-
1209 2421 1212 2427 ·

81 2472 181 2513 censue
194 2462 295 2529 populi
310 2460 445 2529 Romani,
467 2462 507 2515 ad
521 2476 624 2531 preces
639 2469 666 2519 ct
682 2464 884 2523 obtestationem
899 2484 1014 2541 corsus,
1037 2477 1068 2528 ut
1086 2474 1140 2530 ribi

76 2556 202 2613 poenam
212 2543 244 2609 (i.
262 2560 287 2597 e.
303 2544 487 2615 supphcium)
501 2546 627 2617 mnyc'etri
639 2549 758 2620 equitum
769 2552 887 2608 dictator
896 2557 1053 2613 remitteret.
1082 2560 1136 2616 Pro

82 2631 155 2681 metu
179 2627 314 2683 coniicias
332 2629 453 2685 minoto:
479 2634 596 2699 utraque
616 2647 675 2687 vox
697 2641 871 2703 permutatur
897 2639 926 2693 in
951 2641 1029 2697 libris
1051 2644 1135 2700 etiarn

84 2724 147 2780 cap·
174 2712 199 2769 7.
223 2714 269 2771 39.
298 2710 444 2783 Royoremt
462 2712 480 2767 i.
504 2730 530 2767 e.
545 2713 670 2770 Fiirbitte
692 2717 842 2791 einlegtsn.
887 2721 1035 2781 Romanus
1052 2726 1135 2798 (Ro.)

83 2792 189 2849 excidit
203 2801 319 2864 propter
333 2795 440 2851 initium
456 2811 516 2866 seq.
533 2804 675 2867 rorarent.

168 2876 238 2947 Cep.
252 2878 286 2933 ll.
307 2884 332 2935 l.
349 2887 380 2935 ut
394 2881 464 2948 mon)
480 2879 520 2933 Ite
534 2878 672 2948 Petrens„
690 2896 748 2935 non
762 2897 809 2937 mc.
835 2876 849 2962 ΙΙ
874 2891 901 2943 2.
922 2890 1056 2945 minorem
1073 2897 1134 2962 qui-

82 2960 151 3028 dem,
168 2961 232 3029 ced)
247 2962 288 3017 Ita
302 2964 429 3021 Petrens.
457 2963 552 3033 Vulgo
568 2978 623 3017 orn.
640 2962 699 3017 sed.
715 2955 729 3041 Η
743 2969 930 3037 correctioris)
943 2972 1059 3027 Plurimi
1073 2988 1136 3029 cer-

82 3046 167 3101 tioris.
213 3045 260 3100 Al.
284 3050 416 3111 acrioris,
440 3046 605 3117 acerbiore,
634 3048 796 3103 coercione.
836 3047 913 3105 Infra
934 3057 965 3109 3:
990 3053 1136 3127 discipline

81 3134 218 3185 correcto.
235 3121 249 3208 Η
263 3136 290 3187 5.
307 3130 412 3203 cyma)
428 3128 527 3185 Totum
544 3132 704 3203 exemplum
720 3130 892 3187 eliciendum
906 3148 972 3189 esse
987 3135 1107 3195 videtur.

89 3268 94 3277 ,
167 3210 237 3284 Cap.
254 3214 299 3270 lll.
314 3219 341 3271 4.
360 3230 414 3271 nec
429 3217 476 3284 co)
497 3229 550 3285 pro
572 3229 608 3270 nc
627 3230 662 3270 co
685 3232 722 3269 ex
734 3214 809 3271 Edd.
828 3230 873 3286 pr.
890 3223 918 3272 et
935 3234 1005 3276 mss.
1023 3222 1134 3284 duobus

82 3297 199 3353 restitui.
221 3288 236 3376 Η
256 3302 281 3357 6.
297 3305 394 3369 praet.
412 3300 545 3367 stoream)
562 3298 602 3353 lla
618 3298 734 3366 Graev„
750 3299 872 3359 Gronov.
887 3308 915 3357 el
929 3303 1014 3364 Voss.
1045 3308 1135 3385 lerijz

79 3385 244 3450 praetcrea,
262 3384 418 3452 praeterito
441 3396 508 3449 rec,
526 3385 682 3453 praeterito
704 3388 786 3439 reatu
805 3390 857 3441 etc.
884 3377 898 3467 {l
921 3403 1038 3448 aeneum
1051 3398 1133 3463 cerm)

82 3466 195 3521 Plurimi
219 3465 281 3523 libri
302 3468 414 3523 unicam
436 3479 516 3520 verm.
547 3466 633 3537 Vulg.
653 3466 773 3523 omitum
792 3475 820 3525 ct
839 3475 960 3529 unimam.
993 3476 1133 3533 Plutarch.
