2475 3909
117 191 158 252 74
449 199 528 250 m.
549 199 640 252 mm
660 199 832 250 ditonum

117 357 341 437 exoluerentnr:
363 353 469 434 quihus
482 373 549 417 eum
566 354 685 418 obieeta
704 371 760 435 per
780 353 906 416 medinm
926 371 1040 416 amnem
1058 364 1166 417 eatena

114 440 260 503 Hannibal
274 438 455 518 obstitisset,
476 457 570 501 nuees
585 457 740 520 sparsere:
763 457 839 518 quae
854 457 940 519 quum
955 457 1032 519 aqua
1046 439 1165 502 lerente

116 526 154 589 ad
175 524 315 606 oppidum
336 523 520 603 defluerent,
540 539 579 586 eo
602 533 766 586 commeatu
788 523 936 584 soeiorum
953 525 1164 586 necessitatem

117 617 363 672 sustentaverunt.

202 693 234 755 3.
268 691 377 753 Hirtius
390 689 602 754 llutinensibus
616 690 750 753 obsessis
770 692 808 753 ab
823 689 951 752 Antonio
967 691 1078 768 sulem,
1104 709 1163 771 quo

116 778 242 840 maxime
261 775 448 854 indigebant,
476 777 562 857 eupis
589 775 737 837 eonditum
764 794 820 856 per
839 793 953 837 amnem
975 775 1164 836 Scultennam

118 861 283 923 intromisit.

202 944 233 1003 4.
278 942 359 1004 ldem
384 961 497 1023 peoora
525 943 656 1006 seeundo
675 959 749 1025 sque
770 943 904 1023 demisit,
935 961 1010 1024 quae
1035 951 1165 1024 exeeptu

119 1035 355 1090 sustentaverunt
370 1028 605 1091 neeessariorum
627 1029 764 1108 inopiam.

516 1193 665 1257 carot
694 1192 765 1255 XV.

120 1325 401 1390 ooannmonum
418 1324 645 1393 namuurum,
662 1326 709 1374 uu
731 1323 922 1374 sumans
946 1322 1166 1389 mannhun,

493 1409 587 1472 Quen
610 1409 789 1458 onnuuuu.

208 1534 236 1594 1.
277 1532 416 1609 Romani,
442 1549 507 1594 eum
534 1548 552 1593 a
580 1529 673 1592 Gallis
701 1529 876 1612 Capitolium
905 1529 1112 1606 obsideretur,
1140 1529 1170 1589 iu

122 1628 256 1682 emma
282 1619 340 1678 iam
363 1616 441 1677 lame
468 1632 573 1695 panem
597 1616 627 1676 iu
649 1617 763 1678 hostem
782 1616 976 1683 laetavemnt;
999 1614 1169 1674 eonseeuti·

121 1721 197 1784 que,
226 1710 258 1762 nt
282 1699 431 1764 abundare
460 1699 649 1778 uiderentur,
674 1700 874 1777 obsidionem,
903 1698 999 1760 donee
1027 1697 1169 1760 Camillus

120 1787 311 1860 subveniret,
333 1783 545 1845 toleraverunt.

208 1869 238 1934 2.
270 1867 468 1928 Athenienses
500 1866 643 1928 adversus
674 1864 923 1930 Lacedaemonios
949 1865 1028 1928 idem
1056 1863 1170 1926 ieeisse

122 1955 265 2016 dieantur.

208 2035 240 2098 3.
281 2033 335 2111 Hi,
356 2034 406 2115 qui
426 2033 465 2096 ab
487 2032 649 2097 Hannibale
670 2032 792 2094 Casilini
812 2033 1038 2112 obsidebuntur,
1056 2033 1095 2094 ad
1118 2051 1169 2094 ex·

121 2131 244 2184 tremam
263 2120 368 2181 lumem
386 2122 561 2200 pervenisse
581 2119 701 2196 crediti,
722 2135 787 2179 oum
810 2120 896 2180 etiam
917 2118 1025 2180 herbas
1048 2119 1168 2178 alimen·

122 2207 160 2268 tis
183 2223 286 2268 eorum
312 2202 473 2283 Hannibal,
502 2215 585 2267 arato
605 2204 675 2265 loeo
700 2203 749 2282 qui
778 2213 842 2264 erat
861 2205 939 2264 iuter
958 2211 1055 2264 eastra
1075 2203 1168 2281 ipsius

123 2301 155 2353 et
173 2292 305 2366 moenia,
331 2291 532 2369 praeriperet,
560 2289 671 2351 semina
696 2288 725 2348 in
746 2297 952 2368 praeparatum
975 2286 1074 2348 looum
1090 2287 1169 2347 iene-

124 2385 207 2454 runt,
230 2375 400 2450 eonseouti,
421 2382 452 2433 ut
473 2373 586 2434 habere
606 2372 790 2451 uiderentur,
815 2389 874 2453 quo
893 2372 1001 2432 vietum
1024 2379 1170 2433 sustenta·

123 2469 190 2521 mm
207 2455 728 2618 psqspepdqppttzrpzapripppntppprde
756 2557 820 2600 num
849 2537 1070 2614 obsiderentur,
1103 2537 1171 2617 quia

126 2625 214 2686 delioi
228 2625 372 2684 irumeuto
391 2621 584 2701 videbantur,
606 2624 714 2686 horrea
734 2632 795 2683 tota
810 2632 898 2684 noete
914 2623 1173 2684 circumduxerunt

126 2708 277 2787 captivos,
299 2706 406 2768 deindo
424 2709 568 2786 praecisis
588 2709 719 2770 manibus
736 2706 914 2769 dimiserunt.
957 2705 995 2767 Hi
1011 2707 1172 2768 niueumse·

124 2790 260 2854 dentibus
288 2791 350 2852 suis
377 2802 603 2872 persuaserunt,
627 2811 665 2854 ue
688 2809 771 2872 spem
792 2801 922 2854 maturae
945 2790 1172 2870 expugnationis

124 2885 307 2958 reponerent
332 2876 459 2938 infame
481 2875 693 2954 Romanorum,
716 2873 821 2956 quibus
842 2876 946 2953 iugens
968 2875 1173 2936 alimentorum

125 2963 214 3043 eopia
231 2971 412 3043 superesset.

89 3107 99 3123 ,
212 3047 243 3108 5.
287 3046 419 3108 Thrasea
440 3045 469 3106 in
490 3046 582 3108 arduo
603 3053 703 3106 monte
725 3041 853 3118 obsessi,
876 3041 906 3102 in
925 3060 1013 3122 quern
1034 3040 1171 3102 hostibus

124 3133 286 3194 adscensus
308 3147 368 3190 noo
391 3139 473 3206 erat,
503 3129 621 3191 eeulato
645 3128 749 3188 uiritim
771 3126 884 3203 exiguo,
899 3128 1011 3202 tritico,
1040 3143 1114 3186 oues
1134 3141 1170 3184 eo

126 3224 272 3292 paverunt
292 3224 323 3276 et
343 3216 374 3274 iu
392 3213 519 3274 hostium
533 3212 708 3293 impulerunt
722 3211 884 3290 praesidia:
908 3207 1014 3289 quibus
1035 3209 1171 3289 exeeptis

128 3305 160 3354 et
180 3298 306 3372 oeoisis,
334 3315 399 3358 eum
422 3298 557 3359 frumeuti
583 3296 708 3374 uestigia
728 3296 759 3353 in
779 3293 943 3355 visceribus
961 3311 1060 3354 earnm
1082 3293 1171 3372 adpa-

127 3377 272 3451 ruissent,
296 3379 431 3454 opinatus
453 3380 549 3441 hostis
575 3396 708 3456 maguum
734 3378 792 3438 uim
815 3378 903 3438 tritiei
930 3395 1092 3457 superesse
1112 3379 1169 3454 eis,

129 3457 179 3534 qui
199 3455 266 3516 inde
289 3459 374 3518 etiam
396 3478 506 3539 peoora
524 3471 701 3542 pascerent,
723 3463 850 3523 recessit
866 3461 904 3523 ub
922 3461 1088 3523 obsidione.
