2475 3909
137 214 178 277 42
465 228 541 279 anx.
567 230 658 279 roan
678 229 849 279 saonam

222 380 271 443 13.
315 382 473 460 Hannibal,
493 402 557 445 curu
578 384 669 444 sciret
689 401 741 444 sua
765 394 795 445 ct
815 384 1011 445 Romanorum
1034 392 1138 445 castra
1159 385 1189 444 in

137 469 181 527 eis
202 467 277 527 locis
300 486 385 544 asse,
407 486 482 546 quac
504 469 591 546 lignis
614 468 842 545 deliciabantur,
867 488 906 528 ex
925 469 1066 529 industria
1091 470 1122 528 in
1140 487 1187 529 re·

135 554 224 629 gioria
243 552 360 612 deserta
380 552 519 630 plurimos
541 561 737 613 armentorum
759 570 869 630 greges
887 556 961 612 iutra
981 553 1095 612 vallum
1118 553 1188 615 reli·

137 637 214 715 quit:
243 653 299 714 qua
323 630 405 695 velu't
432 637 540 714 praeda
562 635 684 695 liomani
709 637 795 715 potiti
817 639 847 697 in
870 638 987 696 summis
1013 636 1188 713 lignationis

137 721 276 796 angustiis
299 719 492 779 insalubribus
515 738 549 780 se
573 719 646 780 cibis
664 730 830 780 onerarunt.
874 719 1034 796 Hannibal,
1056 718 1187 780 reducto

137 812 224 863 nocte
248 805 398 879 exercitu,
418 820 543 863 securos
565 820 619 863 eos
644 814 675 865 et
696 806 858 866 semicruda
879 822 987 883 graves
1011 819 1105 864 earne
1128 822 1186 865 ma·

136 889 228 946 loram
250 888 278 944 in
296 888 411 947 modum
434 890 561 949 vexavit.

225 971 274 1030 14.
320 968 364 1029 Ti.
392 970 542 1031 (lracobns
567 972 596 1030 iu
622 970 777 1050 Hispania,
806 973 918 1033 certior
941 971 1037 1032 iactus
1065 971 1187 1032 bostem

136 1056 253 1133 inopem
281 1057 457 1115 commercio
486 1056 641 1131 laborare,
669 1056 889 1117 instructissima
919 1064 1016 1116 castra
1046 1057 1187 1116 omnibus

136 1137 295 1198 esculentis
319 1139 461 1209 deseruit;
488 1158 563 1219 quae
587 1140 723 1218 adeptum
745 1140 858 1200 bostem
878 1148 909 1199 et
928 1142 1056 1219 repertis
1080 1142 1187 1201 intem-

136 1232 276 1302 peranter
286 1223 429 1301 repletum
439 1240 618 1302 gravemque
631 1223 752 1283 reducto
765 1225 898 1283 exercitu
909 1224 1007 1283 subito
1018 1223 1184 1303 obpressit.

219 1309 269 1369 15.
302 1305 381 1383 Chii,
396 1310 443 1387 qui
457 1308 598 1368 adversus
613 1306 794 1382 Erythraeos
807 1308 918 1367 bellum
934 1308 1097 1385 gerebant,
1113 1326 1184 1387 spc-

138 1391 298 1453 culatorem
327 1409 428 1452 eorum
456 1394 485 1451 in
511 1393 580 1452 loco
608 1391 688 1451 edito
711 1392 926 1470 deprehensum
955 1394 1133 1452 occiderunt
1156 1402 1187 1451 et

137 1486 251 1536 vestem
281 1479 343 1537 eius
372 1494 424 1536 suo
453 1477 535 1537 militi
558 1476 717 1552 dederunt,
747 1478 795 1554 qui
825 1494 865 1535 ex
891 1474 997 1536 eodem
1014 1477 1087 1554 iugo
1108 1476 1185 1552 Ery·

137 1560 256 1621 thraeos
274 1562 359 1639 signo
381 1562 449 1621 dato
467 1562 499 1619 in
515 1560 635 1620 insidias
658 1562 803 1620 evocavit.

221 1644 270 1706 sd.
313 1644 443 1720 Arabes,
470 1662 535 1704 cum
558 1652 640 1703 esset
667 1653 735 1704 nota
766 1643 948 1704 consuetudo
976 1654 1096 1719 eorum,
1128 1662 1186 1722 qna

138 1729 175 1788 de.
199 1730 323 1790 adventu
345 1729 470 1790 bostium
489 1727 612 1787 interdiu
635 1727 731 1804 inmo,
753 1738 842 1789 noctu
862 1731 931 1805 igne
951 1728 1123 1804 signilicare
1143 1730 1185 1787 in·

138 1814 305 1887 stituerunt,
326 1821 356 1871 ut
377 1813 439 1871 sine
452 1812 667 1870 intermissione
685 1830 721 1871 aa
740 1812 862 1888 liercnt,
881 1820 1119 1891 praeceperunt,
1135 1812 1185 1872 ad·

137 1895 321 1954 certantibus
335 1902 429 1954 autem
450 1894 627 1954 adversariis
645 1896 911 1957 intermitterentur.
940 1894 997 1968 Qui
1016 1914 1099 1972 cum,
1118 1912 1185 1955 ces·

137 1978 265 2038 santibus
282 1976 450 2054 luminibus,
470 1980 668 2039 existimarent
684 1981 813 2057 ignorari
832 1980 987 2040 adrentum
999 1996 1099 2057 suum,
1124 1981 1186 2040 ari·

137 2061 200 2121 dius
222 2063 349 2139 ingressi
369 2061 564 2141 obpressique
585 2072 661 2123 sunt.

218 2147 266 2207 17.
312 2145 652 2223 Alexander'lilacedo,
680 2162 745 2206 cum
771 2145 864 2206 bostis
894 2149 923 2207 in
953 2147 1030 2207 saltu
1055 2143 1191 2207 editiore

138 2238 233 2291 castra
257 2233 480 2307 communisset,
501 2250 600 2291 secum
623 2232 709 2291 ducta
732 2241 815 2310 parte
837 2234 1003 2309 copiarum,
1027 2232 1187 2309 praecepit

138 2316 182 2375 bis
202 2334 275 2394 quos
303 2315 504 2393 relinquebat,
536 2324 566 2373 ut
589 2334 627 2373 ex
648 2330 730 2373 more
749 2315 834 2391 ignes
857 2316 1020 2375 excitarent
1035 2315 1186 2393 speciem-

138 2416 196 2477 que
215 2400 393 2478 praeberent
408 2399 497 2456 totius
514 2400 679 2457 exercitus:
698 2399 763 2476 ipse
778 2408 891 2475 autem,
912 2417 968 2477 per
989 2400 1071 2458 avias
1083 2400 1186 2475 regio·

137 2500 192 2541 nes
221 2480 416 2541 circumducta
448 2498 550 2556 manu,
586 2481 702 2541 bostem
733 2485 888 2560 superiore
917 2483 1080 2559 adgressus
1114 2483 1187 2543 loco

138 2566 175 2625 de
198 2565 260 2624 ulit.

178 2583 196 2643 p
220 2648 268 2709 18.
309 2646 444 2707 llcmnon
459 2646 607 2724 Rhodius,
633 2666 696 2709 cum
719 2651 849 2727 equitatu
869 2651 1058 2730 praevaleret
1081 2660 1114 2710 et
1132 2651 1186 2711 bo·

138 2740 212 2791 stem
237 2734 267 2791 iu
294 2731 420 2791 collibus
440 2750 473 2791 se
497 2735 693 2793 coutinentem
720 2735 748 2794 in
768 2752 887 2814 campos
908 2735 1001 2794 vellet
1019 2734 1186 2807 deducere,

138 2816 279 2896 quosdam
305 2834 342 2875 ex
371 2816 508 2877 militibus
538 2820 597 2877 suis
620 2818 675 2878 sub
696 2820 799 2897 'specie
823 2819 1037 2896 transfugarum
1059 2819 1138 2878 misit
1156 2820 1188 2876 in

137 2902 263 2962 bostium
279 2910 390 2977 castra,
413 2904 461 2980 qui
479 2901 663 2963 adfirmarent
683 2905 843 2962 exercitum
859 2902 1021 2962 llemnonis
1035 2910 1093 2962 tam
1116 2919 1186 2979 per·

137 2989 248 3047 niciosa
272 2986 415 3047 seditione
437 2986 553 3062 lurore,
579 2996 610 3045 ut
632 2986 755 3046 subinde
775 2987 872 3064 aliqua
890 3000 959 3066 pars
982 2987 1046 3046 eius
1069 2986 1186 3047 dilabe-

137 3080 227 3132 retur:
267 3071 341 3131 Huic
369 3071 559 3130 adfirmationi
582 3071 721 3130 attidem
752 3071 884 3146 iaceret,
914 3074 1023 3150 passim
1054 3071 1083 3128 in
1113 3086 1185 3130 con·

138 3165 242 3234 spectu
268 3155 393 3215 hostiurn
414 3156 497 3213 iussit
520 3172 610 3232 parva
639 3155 761 3214 castella
786 3157 904 3230 muniri,
934 3155 1015 3213 velut
1041 3155 1072 3211 in
1091 3171 1129 3214 ea
1150 3172 1186 3213 ac

137 3240 286 3313 recepturi
307 3246 406 3297 essent
425 3240 474 3317 qui
494 3237 683 3298 dissidebant.
726 3237 788 3297 llac
806 3240 999 3316 persuasione
1020 3237 1185 3312 sollicitati,

140 3322 188 3393 qui
215 3322 244 3376 in
271 3321 415 3380 montibus
443 3338 476 3379 se
499 3324 715 3397 continuerant,
745 3322 773 3379 in
794 3322 882 3400 plana
900 3322 1121 3382 descenderunt
1142 3331 1184 3397 et,

139 3400 205 3457 dum
229 3401 350 3459 castella
372 3410 498 3477 tentant,
522 3404 558 3463 ab
577 3408 707 3483 equitatu
726 3405 915 3464 circumventi
937 3414 1012 3463 sunt.

226 3481 274 3539 19.
315 3480 430 3555 Arpbas
451 3503 505 3544 rex
532 3486 745 3563 Molossorum,
774 3488 856 3548 bello
883 3489 993 3567 petitus
1022 3506 1039 3550 a
1064 3488 1187 3563 Bardyli
