2475 3909
186 225 235 272 ns
255 223 375 285 sousa
396 223 571 274 oucrsnus
593 223 695 274 noers
718 225 839 275 nonus
860 225 977 276 umam
1045 212 1102 276 121

50 381 138 442 urbis
161 381 261 457 lacus,
284 389 341 440 tam
363 381 432 440 novi
453 396 538 460 guam
552 391 689 458 veteres,
712 381 847 461 plerique
865 380 950 442 binos
965 382 1105 442 salientes

53 466 239 526 diversarum
261 482 399 542 aquarum
421 474 617 543 aeceperunt,
640 475 686 541 ut,
710 468 735 525 si
757 484 842 526 casus
864 464 1031 528 alterutram
1055 467 1104 526 im·

54 549 210 628 pedisset‚
233 549 326 609 altera
347 548 513 608 suiiicienta
531 565 589 609 non
609 549 819 610 destitueretur
838 568 918 609 usus.

144 632 195 694 88.
240 634 335 694 Sentit
351 633 426 692 banc
441 651 539 694 curam
554 632 744 712 Imperatoris
760 635 880 713 piissimi
894 633 1010 694 Nervae
1025 634 1104 694 Prin·

55 718 136 795 cipis
162 717 207 776 sni
234 718 338 793 regina
366 726 397 776 et
422 717 537 776 domina
559 716 641 778 orbis
668 719 696 776 iu
722 718 802 784 dies;
834 727 864 778 et
884 720 977 796 magis
999 721 1106 780 sentiet

55 799 214 861 salubritas
230 802 359 861 eiusdem
375 810 514 861 aeternae
528 801 624 875 urbis,
646 811 731 862 aucto
748 802 952 878 castellorum,
971 820 1104 881 operum,

56 903 208 946 munerum
237 895 280 944 et·
297 886 411 945 lacuum
435 902 565 945 numero.
609 883 675 945 Nec
701 887 792 946 minus
815 887 851 948 ad
869 888 1001 964 privatos
1026 905 1104 947 com·

55 969 173 1030 modom
192 987 231 1028 ex
253 970 433 1029 incremento
453 969 665 1030 beneficiorum
690 971 752 1030 eius
768 969 949 1032 diffunditur:
972 972 1014 1032 illi
1032 990 1104 1051 quo·

56 1072 131 1132 quc,
165 1054 216 1132 qui
240 1054 330 1113 timidi
358 1054 496 1114 inlicitam
522 1071 625 1130 aquam
648 1053 810 1129 ducebant,
843 1057 940 1116 securi
967 1075 1043 1117 nuno
1065 1075 1104 1116 ex

56 1137 210 1197 beneiiciis
231 1137 373 1197 fruuntur.
416 1137 462 1197 Ne
480 1147 638 1216 pereuntes
655 1139 769 1216 quidem
785 1155 877 1217 aquae
894 1141 1008 1201 otiosae
1020 1150 1102 1201 sunt:

55 1222 114 1282 alia
135 1223 194 1281 mm
214 1221 415 1282 munditiarum
433 1221 541 1289 facies;
571 1223 671 1299 purior
692 1223 826 1299 spiritum
855 1231 884 1282 et
906 1241 1013 1284 causae
1035 1242 1102 1300 gra·

54 1306 151 1365 vioris
173 1306 265 1382 coeli,
287 1305 391 1384 quibus
410 1307 487 1384 apud
507 1315 628 1366 veteres
648 1304 728 1365 urbis
749 1305 862 1364 infamis
879 1306 1014 1381 adrisit,
1038 1316 1104 1366 suut

55 1389 204 1450 remotae.

145 1472 212 1533 Non
233 1476 373 1552 praeterit
391 1493 455 1551 me,
478 1475 581 1536 deberi
602 1473 687 1554 operi
707 1489 802 1533 novae
823 1472 1003 1550 erogationis
1026 1471 1102 1530 ordi·

54 1559 221 1624 nationem:
250 1560 303 1620 sed
330 1559 406 1618 haec
428 1577 493 1619 cum
514 1561 694 1618 incremento
716 1557 948 1631 adiunxerimus,
978 1555 1103 1632 intelligi

55 1652 195 1721 oportet,
217 1660 276 1702 non
298 1661 366 1702 esse
388 1661 424 1704 ea
446 1643 599 1722 ponenda,
623 1643 678 1702 nisi
700 1650 895 1701 consummata
917 1640 1032 1699 fuerint.

142 1727 195 1788 89.
241 1727 333 1803 Quid,
370 1727 449 1805 quod
476 1745 513 1787 nc
541 1727 599 1787 hoc
631 1726 799 1804 diligentiae
826 1725 984 1802 Principis,
1017 1740 1102 1801 quam

54 1813 273 1872 exactissimam
293 1810 406 1870 civibus
427 1813 487 1872 suis
510 1819 658 1888 praestat,
681 1809 804 1886 sufficit,
827 1827 927 1885 parum
949 1806 1103 1886 praesidiis
1192 1859 1195 1864 .

53 1915 88 1956 ac
115 1894 317 1974 voluptatibus
343 1896 450 1954 nostris
478 1895 639 1954 contulisse
660 1913 729 1954 sese
751 1893 914 1969 credentis,
943 1891 1021 1972 quod
1040 1900 1102 1950 tan·

53 1991 111 2040 tam
131 1982 250 2058 copiam
271 1979 395 2053 adiecit,
417 1980 472 2038 nisi
495 1997 559 2040 eam
576 1981 669 2057 ipsam
684 1979 875 2039 sinceriorem
891 1976 1102 2038 iucundiorem·
1167 2007 1170 2011 ·

54 2070 113 2143 qne
133 2061 244 2124 iaciat?
288 2062 407 2142 Operae
427 2065 552 2151 pretium
572 2072 636 2138 est,
658 2065 701 2121 ire
721 2080 777 2139 per
797 2062 925 2138 singula,
951 2079 1006 2138 per
1026 2076 1102 2138 quae

53 2150 106 2208 ille
136 2149 322 2208 occurrendo
348 2148 426 2206 vitiis
452 2147 630 2225 quarundam
650 2147 794 2205 universis
816 2145 922 2204 adiecit
940 2144 1101 2204 utilitatem.

54 2233 173 2293 Etenim
195 2233 312 2311 quando
333 2234 438 2312 civitas*
455 2241 571 2305 nostra,
596 2247 660 2288 cum
681 2229 730 2288 vel
755 2230 852 2305 exigui
871 2227 979 2286 imbres
998 2244 1102 2304 super-

53 2326 215 2393 venerant,
248 2334 307 2375 non
335 2314 517 2376 turbulentas
546 2314 724 2391 limosasque
753 2330 843 2390 aquas
875 2309 995 2370 babuit?
1038 2308 1104 2368 Neu

54 2401 204 2480 quiahoc
225 2401 372 2460 universis
389 2399 427 2459 ab
448 2400 562 2475 origine
582 2406 702 2458 naturae
722 2404 784 2472 est,
808 2403 856 2456 aut
877 2396 943 2473 quia
965 2393 1040 2454 istud
1060 2393 1101 2451 in·

54 2485 242 2545 commodum
273 2486 382 2544 sentire
411 2483 540 2542 debeant
565 2491 637 2561 quot
664 2483 815 2559 capiuntur
836 2499 874 2540 ex
897 2478 1040 2545 fontibus;
1074 2477 1103 2534 in

54 2570 159 2648 primis
176 2567 287 2628 blarcia
307 2578 337 2628 et
358 2566 496 2642 Claudia,
522 2585 558 2626 ac
579 2566 728 2644 reliquae,
757 2583 876 2643 quarum
899 2563 1054 2643 splendor,
1086 2579 1103 2620 a

54 2655 156 2733 capite
175 2653 307 2730 integer,
330 2652 400 2712 nihil
419 2660 468 2711 aut
487 2651 631 2709 minimum
651 2650 748 2728 pluria
771 2651 949 2728 inquinatur,
972 2649 997 2707 si
1015 2656 1102 2726 putea

54 2747 209 2798 exstructa
233 2747 263 2796 et
283 2736 400 2797 obiecta
423 2737 489 2795 sint.

144 2821 196 2882 90.
241 2820 325 2880 Duae
355 2837 449 2897 aquae
477 2817 600 2877 Anionis
630 2816 721 2874 miuus
753 2824 923 2893 permanent
949 2813 1103 2890 limpidae;

52 2925 120 2967 nam
140 2915 289 2965 sumuntur
310 2921 349 2963 ex
370 2903 503 2977 flumine,
527 2919 562 2960 ac
583 2915 676 2976 saepe
700 2898 785 2956 etiam
809 2913 916 2956 sereno
939 2895 1102 2954 turbantur:

49 2990 194 3069 quoniam
222 2989 315 3062 Anio,
348 2988 479 3065 momnis
507 2984 662 3063 purissimo
692 2979 823 3042 delluens
853 2980 934 3054 lacu,
968 2975 1104 3036 mollibus

53 3085 154 3135 tamen
176 3072 350 3132 cedentibus
370 3072 458 3150 ripis,
486 3069 582 3129 aufert
601 3065 725 3146 aliquid,
754 3080 812 3143 quo
834 3062 981 3135 turbetur,
1010 3061 1104 3136 prins·

53 3176 143 3237 quam
165 3157 303 3217 deveniat
324 3158 353 3216 in
375 3159 470 3214 rivos:
494 3153 572 3232 quod
592 3149 804 3211 incommodum
824 3165 881 3216 non
897 3145 990 3206 solum
1006 3143 1104 3202 hiber·

53 3245 100 3302 nis
123 3260 160 3302 ac
181 3243 298 3317 vernis,
321 3240 375 3300 sed
396 3239 517 3299 aestivis
533 3235 673 3296 imbribus
688 3235 790 3306 sentit,
815 3249 873 3310 quo
889 3241 1023 3308 tempore
1038 3242 1106 3304 gra-

53 3328 113 3386 tior
141 3343 284 3403 aquarum
314 3325 469 3384 sinceritas
499 3321 635 3398 exigitur.
689 3319 773 3398 (at.)
818 3315 855 3375 llt
881 3315 957 3376 alter
991 3313 1107 3390 quidem

54 3430 93 3470 ex
115 3409 181 3486 bis,
204 3410 234 3470 id
257 3418 303 3468 est
324 3407 400 3468 Anio
422 3407 533 3481 Vetus,
558 3422 623 3464 eum
647 3403 796 3482 plerisque
819 3400 893 3461 libra
916 3400 952 3467 sit
973 3397 1106 3474 inferior,

52 3493 273 3555 incommodum
295 3495 369 3556 intra
390 3511 424 3553 se
445 3499 536 3552 tenet.
580 3487 683 3550 Novus
706 3495 801 3548 autem
819 3484 896 3546 Anio
920 3482 1041 3545 vitiabat
1059 3499 1108 3555 ce-
