2475 3909
120 205 161 267 to
454 214 531 269 aux.
554 216 643 269 rums
663 216 834 267 suornm
916 200 921 210 ⁴

120 371 274 452 eruptione
296 369 434 433 Lacetani
455 370 545 435 incili
568 371 747 442 auertissent
765 379 797 433 et
814 369 965 449 iugiemes
980 370 1069 433 auide
1088 372 1166 433 inse·

120 457 178 519 cuti
201 464 320 533 essent,
341 456 400 517 illis
418 474 492 537 quas
512 455 714 523 occultaverat
732 454 903 517 cohortibus
916 455 1058 535 oppidum
1075 458 1165 535 cepit.

205 556 235 619 2.
282 554 314 619 h.
333 556 434 637 Scipio
455 556 652 632 inSardinia,
675 554 823 616 cuiusdam
844 556 970 618 ciuitatis
991 573 1048 635 per
1063 557 1164 617 tumul·

118 649 178 701 tuna
200 640 305 703 relicta
319 638 539 720 obpugnatione
553 656 638 719 quam
658 640 852 717 instruxerat,
875 642 1007 720 speciem
1027 640 1167 719 fugientis

120 726 281 805 praestitit;
297 725 497 804 insecutisque
511 734 623 785 temere
636 723 809 803 oppidanis,
825 741 881 803 per
892 741 948 785 eos
962 742 1038 805 quos
1053 728 1083 787 in
1098 742 1166 806 pro·

120 808 199 869 ximo
222 808 425 870 occultaverat
445 808 584 889 oppidum
601 808 716 868 inuasit.

207 907 236 968 3.
277 906 437 985 Hannibal,
461 926 526 970 cum
549 907 701 969 obsideret
723 906 869 969 ciuitatem
885 906 1048 984 Himeram,
1069 916 1166 970 castra

121 1010 173 1053 sua
193 990 259 1072 capi
274 991 311 1053 de
327 992 465 1055 industria
482 1010 588 1073 passus
600 1000 662 1068 eat,
681 992 769 1052 iussis
788 992 935 1053 recedere
955 992 1074 1069 Poenis,
1094 1000 1166 1052 tam-

73 1074 78 1085 “
122 1094 207 1157 quam
228 1076 415 1154 praevaleret
436 1077 540 1139 hostis.
578 1075 645 1151 Quo
661 1084 769 1137 aventu
783 1074 946 1137 Himeraeis
960 1077 1000 1137 ita
1018 1074 1165 1155 deceptis,

120 1168 153 1221 ut
176 1160 283 1238 gaudio
305 1160 422 1240 impulsi
442 1162 546 1223 relicta
566 1161 640 1221 urbe
660 1168 868 1240 procurrerent
888 1160 926 1221 ad
947 1160 1085 1222 Punicum
1107 1160 1167 1220 val·

121 1244 198 1321 lum,
223 1243 366 1307 Hannibal
394 1262 515 1307 vacuam
543 1244 646 1306 urbern
673 1262 730 1325 per
757 1262 827 1323 eos,
854 1260 930 1324 quoa
951 1245 981 1304 in
997 1243 1113 1305 insidiis
1132 1244 1168 1304 ad

121 1326 197 1390 hanc
219 1328 312 1408 ipsam
334 1329 522 1391 occasionem
544 1337 701 1409 posuerat,
724 1328 815 1409 cepit.

206 1431 236 1491 4.
279 1428 375 1509 Idem,
404 1440 435 1492 ut
456 1431 639 1509 Segestanos
661 1429 802 1505 eliceret,
830 1446 897 1490 rara
918 1428 983 1489 acie
1012 1427 1050 1489 ad
1068 1445 1168 1490 muros

121 1513 287 1589 accedens,
307 1513 344 1575 ad
366 1515 488 1594 primam
510 1514 694 1593 eruptionem
715 1512 927 1594 oppidanorum
944 1512 1078 1574 simulata
1100 1512 1169 1591 iuga

123 1598 228 1675 cessit,
253 1597 488 1678 interpositoque
515 1598 648 1659 exercitu
674 1596 711 1659 ab
739 1598 849 1679 oppido
871 1597 1049 1658 interclusos
1068 1615 1086 1659 a
1108 1600 1169 1658 auis

123 1680 226 1744 hostes
247 1682 276 1743 in
296 1682 393 1743 medio
414 1680 580 1745 trucidavit.

209 1782 239 1843 5.
283 1780 408 1843 Himilco
429 1777 679 1860 Carthaginiensis
692 1781 770 1862 apud
784 1780 975 1860 Agrigentum
990 1781 1070 1841 iuxta
1086 1782 1170 1861 oppi-

123 1866 189 1926 dum
211 1875 324 1945 partem
346 1866 495 1944 copiarum
517 1866 546 1924 in
567 1864 680 1927 insidiis
694 1866 792 1945 posuit
806 1866 1021 1945 praecepitque
1042 1864 1106 1940 his,
1127 1874 1168 1940 ut,

123 1967 189 2093 ill
204 1948 1046 2112 retrituratur.”otuuautaut
1061 1948 1171 2094 llll}

122 2050 319 2197 progressas,
347 2117 481 2180 simulata
513 2116 584 2197 fuga
616 2052 831 2197 pfersequentes
860 2116 1024 2196 oppidanos
1052 2116 1171 2195 longius

123 2200 257 2265 cedendo
269 2204 422 2283 protraxit.
453 2202 644 2265 insidiatores
656 2218 751 2282 prope
763 2200 879 2261 moenia
889 2202 1060 2280 imperatum
1072 2201 1172 2279 ignem

122 2285 195 2364 ligni
217 2287 333 2349 acervis
359 2286 562 2364 subiecerunt,
589 2286 666 2347 nnde
693 2284 828 2347 obortum
856 2284 1045 2364 contemplati
1063 2285 1172 2346 fumum

123 2370 309 2449 Agrigentini
338 2372 486 2432 incensam
512 2371 657 2433 civitatem
685 2388 766 2430 suam
787 2370 1039 2439 existimauerunt;
1067 2370 1172 2430 defen·

124 2454 299 2535 deudaeque
323 2454 386 2515 eius
405 2454 499 2532 gratia
518 2451 583 2514 dum
604 2454 721 2533 trepide
742 2462 911 2529 recurrunt,
934 2453 1030 2513 obuiis
1054 2454 1102 2514 eis
1125 2454 1174 2533 qui

124 2538 251 2599 insidiati
273 2538 353 2597 iuxta
375 2554 474 2597 muros
496 2546 594 2613 eraut,
617 2547 648 2598 et
669 2547 790 2617 atcrgo
809 2537 981 2601 instantibus
1003 2554 1081 2618 quos
1105 2556 1173 2619 per·

124 2620 219 2681 secuti
238 2620 374 2696 inerant,
394 2621 424 2680 in
445 2620 541 2681 medio
562 2622 698 2683 trucidati
715 2632 792 2685 sunt.

210 2719 240 2781 6.
276 2719 445 2798 iliriathus,
469 2720 611 2800 disposito
631 2741 686 2803 per
705 2722 824 2785 occulta
841 2721 932 2783 milite
954 2739 1067 2800 pancos
1082 2723 1174 2798 misit,

125 2805 174 2883 qui
197 2802 349 2882 abigerent
367 2823 479 2886 pecora
495 2806 773 2886 Segobrigensium:
796 2805 925 2885 adquae
940 2805 1175 2869 illivindicanda

125 2907 191 2949 cum
215 2889 388 2970 frequenter
407 2892 663 2970 procucurrissent
679 2890 908 2969 simulantesque
926 2891 1024 2968 lugam
1046 2890 1175 2970 praeda·

124 2982 207 3035 toros
229 2985 496 3054 persequerentur,
520 2974 638 3037 deducti
658 2976 687 3035 in
706 2973 825 3035 insidias
847 2975 987 3053 caesique
1009 2983 1087 3035 sunt.

211 3062 240 3121 7.
284 3059 435 3120 Scordisci
455 3060 587 3139 equites,
610 3077 676 3119 cunr
690 3056 855 3120 Heracleae
870 3058 987 3119 duarum
1006 3057 1175 3119 cohortium

124 3143 487 3228 praesidiqpraepositus
515 3149 595 3203 esset
622 3142 779 3219 Lucullus,
805 3159 917 3222 pecora
938 3140 1063 3218 abigere
1086 3143 1175 3202 simu·
1235 3143 1236 3206 l

123 3226 219 3285 lantes
231 3235 429 3303 provocarunt
441 3226 636 3304 eruptionem
658 3227 757 3305 lugam
774 3225 881 3288 deinde
895 3226 1021 3303 mentiti,
1044 3243 1175 3305 sequen·
1235 3221 1236 3314 l

124 3314 185 3363 tem
205 3306 355 3377 lucullum
383 3310 412 3371 in
436 3308 554 3370 insidias
577 3309 761 3373 deduxerunt
781 3318 813 3371 et
834 3310 1023 3389 octingentos
1045 3329 1112 3372 curn
1136 3326 1174 3371 eo

125 3384 433 3458 militespcciderunt.

211 3464 241 3525 8.
266 3464 399 3533 mane
433 3473 493 3535 dux
524 3472 761 3554 Atheniensium,
794 3476 941 3539 civitatem
974 3476 1177 3557 adgressurus
