2475 3909
120 191 160 252 36
457 200 533 250 aux.
555 201 643 249 tuum
664 199 835 249 onomaton

207 358 256 418 20.
301 355 418 417 Paullus
446 355 589 415 adversus
607 354 719 415 Perseo
740 353 932 415 Macedonum
952 372 1073 431 regem,
1105 372 1171 415 cum

121 445 146 502 is
170 442 344 521 phalangem
370 457 487 499 suorum
515 438 661 517 duplicem
681 439 805 498 mediam
827 440 856 498 in
877 447 990 518 partem
1011 440 1173 499 direxisset

121 544 244 605 eamque
268 526 326 586 levi
348 533 491 584 armatura
514 524 656 583 cinxisset
677 531 708 582 et
729 525 857 601 equitem
878 526 908 582 iu
928 532 1053 601 utroque
1077 540 1172 583 cornu

121 610 328 685 conlocasset,
351 608 498 686 triplicem
519 608 612 667 eciem
636 607 737 666 cuneis
755 608 906 682 instruxit,
927 609 1002 667 inter
1020 624 1097 685 quos
1119 626 1171 667 ve·

119 695 188 754 lites
211 693 333 753 subinde
361 693 466 751 emisit.
512 690 577 765 Quo
597 698 708 768 genere
731 708 796 749 cum
818 691 968 769 profligari
992 691 1063 751 nibil
1086 692 1171 751 vide·

120 787 180 852 ret,
205 778 313 837 cedere
336 776 471 851 instituit,
494 784 525 834 ut
547 776 602 835 hac
618 775 802 834 simulatione
819 776 997 854 perduceret
1014 774 1119 835 hostes
1142 779 1171 834 in

121 862 298 938 confragosa
313 860 395 935 loca,
418 877 493 937 quae
509 877 547 917 ex
566 859 705 919 industria
723 868 901 938 captaverat.
947 857 1019 919 Gom
1036 861 1079 919 sic
1096 878 1170 938 quo·

121 963 195 1023 que,
227 952 366 1023 suspecta
398 943 557 1003 calliditate
590 941 806 1019 recedentium,
837 944 968 1004 ordinata
992 953 1171 1021 sequeretur

119 1028 263 1107 phalanx,
286 1029 399 1107 equites
422 1045 438 1087 a
457 1027 573 1086 sinistro
596 1044 687 1087 cornu
709 1036 828 1106 praeter
842 1044 893 1087 ora
913 1028 1065 1106 phalangis
1084 1030 1171 1087 iussit

120 1122 322 1173 transcurrere
338 1113 432 1171 citatis
448 1112 531 1189 equis
553 1120 653 1186 actos,
676 1120 708 1171 ut
729 1112 854 1179 obiectis
872 1112 958 1170 armis
974 1114 1039 1191 ipso
1057 1113 1170 1191 impetu

120 1196 355 1273 praefringereot
374 1195 498 1254 hostium
520 1194 650 1273 spicula:
675 1210 733 1272 quo
754 1213 866 1273 genere
885 1195 1009 1255 telorum
1026 1197 1170 1255 exarmati

119 1278 297 1341 blacedones
318 1280 469 1338 solverunt
492 1281 584 1339 aciem
607 1287 637 1337 et
655 1286 740 1355 terga
761 1288 921 1339 verterunt.

205 1364 256 1424 21.
300 1363 427 1438 Pyrrhus
450 1380 504 1442 pro
524 1363 704 1438 Tarentinis,
725 1361 802 1441 apud
823 1363 979 1438 haculum,
1007 1363 1170 1423 secundum

119 1447 305 1508 Homericum
318 1464 435 1507 versum
451 1464 508 1525 quo
529 1448 650 1525 pessimi
664 1448 693 1505 in
703 1447 828 1507 medium
844 1449 1039 1526 recipiuntur,
1060 1447 1168 1507 dextro

120 1549 211 1591 cornu
233 1533 374 1592 Samnitas
397 1530 609 1610 Epirotasque,
633 1532 751 1589 sinistro
773 1530 902 1591 Buuttios
923 1540 1010 1611 atque
1031 1530 1169 1591 Lucanos

120 1633 184 1675 cum
207 1616 391 1691 Sallentinis,
418 1616 446 1673 io
468 1615 564 1675 media
591 1616 655 1674 acie
677 1614 850 1674 Tarentinos
870 1616 1053 1689 conlocavit,
1083 1617 1168 1692 equi·

118 1708 206 1759 tatum
223 1708 253 1759 et
273 1698 446 1777 elephantos
464 1701 492 1757 in
512 1696 651 1758 subsidiis
668 1716 737 1757 esse
751 1700 844 1759 iussit,
889 1697 998 1759 Contra
1014 1699 1168 1772 consules,

119 1786 269 1861 aptissime
290 1784 392 1843 divisis
413 1785 442 1840 in
464 1798 571 1841 cornua
594 1781 755 1859 equitibus,
777 1783 913 1859 legiones
934 1786 964 1842 in
985 1784 1078 1861 prima
1100 1784 1170 1843 acie

119 1876 148 1925 et
168 1868 196 1925 in
218 1866 354 1926 subsidiis
377 1865 549 1925 locaverunt
577 1874 607 1924 et
630 1866 664 1924 iis
688 1867 905 1926 immiscuerunt
925 1868 1041 1927 auxilia.
1088 1866 1169 1940 Qua·

119 1950 252 2027 draginta
279 1949 356 2008 milia
384 1950 527 2028 utrimque
548 1948 640 2009 luisse
663 1958 786 2010 constat.
831 1950 934 2025 Pyrrhi
956 1951 1070 2011 dimidia
1096 1969 1169 2030 pars

119 2036 267 2093 exercitus
279 2034 401 2108 amissa,
423 2035 498 2112 apud
511 2033 660 2093 Romanos
679 2035 804 2113 quinque
818 2034 896 2094 milia
910 2035 1076 2096 desiderata
1089 2044 1168 2093 sunt.

204 2116 254 2177 22.
300 2115 352 2177 Gn.
375 2117 530 2196 Pompeius
555 2119 697 2179 adversus
725 2115 759 2177 O.
783 2116 958 2195 Caesarem,
987 2118 1168 2197 Palaephar-

118 2201 172 2262 sali
193 2202 338 2280 triplicem
354 2204 489 2262 instruxit
506 2204 616 2278 aciem,
640 2220 758 2280 quarum
777 2203 911 2280 singulae
929 2203 1022 2266 denos
1044 2204 1168 2263 ordines

117 2287 146 2344 in
163 2286 343 2347 latitudinem
364 2286 536 2347 habuerunt.
579 2285 727 2363 Legiones
743 2284 902 2347 secuudum
914 2289 1049 2347 virtutem
1068 2288 1165 2347 cuius·

118 2388 174 2449 que
204 2372 380 2430 firmissimas
408 2372 437 2428 iu
460 2369 598 2430 cornibus
624 2377 654 2429 et
683 2371 712 2428 in
739 2370 835 2429 medio
859 2371 1038 2439 conlocavit;
1068 2373 1165 2449 spatia

117 2452 162 2512 bis
173 2455 345 2532 interposita
357 2452 499 2511 tironibus
510 2452 673 2531 subplevit:
690 2453 795 2513 dextro
806 2454 899 2515 latere
910 2464 1072 2515 sexcentos
1082 2457 1164 2533 equi·

116 2546 162 2595 tes
178 2546 302 2614 propter
319 2534 425 2595 llumen
446 2534 575 2614 Enipea,
600 2538 650 2614 qui
669 2546 699 2597 et
716 2538 803 2596 alveo
822 2556 876 2598 suo
894 2548 923 2598 et
937 2539 1046 2598 alluvie
1062 2541 1164 2617 regio-

116 2635 181 2677 nem
204 2618 391 2697 impedierat:
420 2619 564 2697 reliquum
592 2622 750 2697 equitatum
779 2623 808 2680 in
836 2624 953 2682 sinistro
985 2640 1077 2682 cornu
1099 2640 1164 2682 cum

117 2702 232 2761 auxiliis
254 2700 385 2761 omnibus
408 2702 532 2779 locavit,
559 2711 592 2762 ut
620 2704 688 2763 inde
710 2703 849 2765 lulianum
876 2708 1036 2766 exereitum
1058 2708 1164 2765 circui-

115 2794 170 2845 ret.
214 2786 367 2846 adversus
388 2786 463 2847 banc
478 2788 689 2848 ordinationem
706 2785 816 2848 Caesar
832 2798 862 2849 et
882 2792 947 2868 ipse
960 2790 1068 2868 triplici
1086 2793 1163 2862 acie,

115 2868 266 2948 dispositis
294 2873 322 2929 in
350 2870 447 2931 fronte
475 2871 658 2948 legionibus,
687 2873 833 2932 sinistrum
863 2874 955 2949 latus,
984 2892 1022 2933 ne
1046 2875 1164 2933 circuiri

114 2964 236 3033 posset,
266 2955 393 3014 admovit
415 2955 584 3033 paludibus:
614 2958 643 3014 in
665 2956 769 3016 dextro
791 2973 882 3016 comu
904 2959 1031 3035 equitem
1052 2959 1163 3035 posuit,

114 3041 160 3098 cui
177 3039 384 3099 velocissimos
399 3041 515 3099 miscuit
533 3039 680 3118 peditum,
701 3040 738 3100 ad
751 3057 863 3100 morem
880 3043 1027 3120 equestris
1045 3058 1164 3119 pugnae

114 3125 309 3183 exercitatos:
339 3140 393 3182 sex
416 3123 521 3182 deinde
550 3123 689 3182 cohortes
711 3126 740 3183 iu
761 3124 892 3185 subsidio
914 3126 1031 3185 retinuit
1053 3126 1090 3185 ad
1113 3143 1165 3184 res

113 3205 238 3271 subitas:
262 3224 317 3264 sex
333 3206 438 3266 dextro
454 3206 548 3265 latere
565 3223 725 3267 conversas
738 3209 767 3266 in
786 3208 946 3287 obliquum,
962 3209 1039 3269 uude
1050 3211 1164 3287 equita·

114 3295 171 3344 tum
183 3287 308 3345 hostium
321 3289 530 3367 exspectabat,
543 3289 718 3350 conlocavit.
762 3290 827 3351 Nec
839 3293 898 3352 ulla
913 3312 962 3352 rea
977 3310 1014 3352 eo
1032 3293 1080 3352 die
1094 3292 1165 3370 plus

113 3368 149 3427 ad
163 3369 314 3427 victoriam
329 3368 450 3431 Caesari
468 3373 605 3433 contulit:
625 3374 747 3433 effusum
764 3391 889 3454 namque
902 3376 1034 3455 Pompeii
1049 3378 1163 3455 equita·

112 3460 171 3509 tum
191 3452 339 3529 inopinato
368 3472 494 3515 excursu
517 3465 687 3517 averterunt
710 3458 948 3538 caedendumquc
969 3460 1163 3521 tradiderunt·
