2475 3909
112 160 153 225 58
449 170 524 221 sun.
544 172 633 221 nunu
652 170 833 221 nnonnmn

111 327 236 390 baberet
256 328 504 407 explorassetque
524 326 657 387 Thracas
675 343 715 387 ox
738 324 889 401 collibus,
921 342 980 403 per
1003 340 1086 403 qnos
1108 343 1187 385 nnus

112 420 177 473 erat
207 413 386 489 descensus,
411 419 499 472 nocte
521 412 560 472 ad
586 410 751 489 diripienda
773 417 874 471 castra
903 417 1076 485 venturos,
1107 410 1187 469 clam

113 497 194 556 duxit
211 498 372 557 exercitum
392 504 422 555 ot
444 496 473 555 iu
494 504 620 572 utroquo
641 495 711 555 riae
732 493 852 569 latore,
878 510 937 571 per
960 510 1053 571 qnam
1075 496 1185 553 nansi-

111 580 168 639 tnri
195 588 278 640 crant
304 580 452 655 Thraces,
479 578 662 639 distributum
691 577 882 644 conlocavit;
915 577 1103 655 hostemque
1132 578 1185 637 de-

115 672 279 723 currentem
301 666 331 723 in
353 672 464 737 castra,
483 664 512 721 in
530 661 635 741 quibus
653 661 736 721 multi
756 662 845 737 ignes
867 678 925 740 por
944 678 1117 740 paucorum
1133 680 1184 721 cu·

112 764 174 806 ram
199 748 320 807 instituti
347 747 478 824 speciem
507 747 648 806 manentis
675 744 717 804 ibi
738 744 936 805 multitudiuis
956 745 1185 822 servabant,a

113 828 255 889 lateribus
278 831 396 892 adortus
420 830 579 910 obpressit.

500 993 650 1056 CAPUT
681 992 778 1055 Xlll.

478 1127 527 1174 na
556 1124 799 1174 nuruurnuoo.

202 1247 230 1305 l.
276 1245 369 1323 Galli,
391 1250 545 1326 pugnaturi
565 1264 630 1307 cnm
648 1244 768 1323 Attalo,
791 1263 895 1307 aarum
913 1264 1002 1308 omne
1020 1257 1053 1308 et
1070 1266 1183 1325 argen-

115 1336 173 1387 tum
189 1329 279 1389 certis
295 1332 465 1394 custodibus
476 1332 672 1405 tradiderunt,
691 1331 849 1410 aquibus,
870 1332 897 1391 si
908 1333 976 1393 acie
989 1331 1049 1391 insi
1062 1342 1182 1408 esseut,

116 1423 323 1490 spargeretur,
352 1434 411 1497 quo
439 1417 553 1477 facilius
579 1415 750 1493 colligenda
772 1416 887 1494 praeda
909 1415 1030 1477 hostem
1052 1418 1183 1497 impedi-

115 1503 174 1554 tum
193 1497 368 1575 effugerent.

201 1596 232 1656 2.
276 1597 417 1678 Tryphon
440 1598 543 1675 Syriae
561 1618 632 1674 rex,
660 1599 757 1658 victns
783 1616 840 1677 per
862 1608 956 1659 totum
975 1601 1034 1661 iter
1057 1603 1183 1681 lugiens

117 1681 275 1782 pecuniam
294 1684 416 1761 sparsit,
440 1700 562 1762 eamque
582 1682 723 1743 sectando
736 1683 877 1745 Antiochi
898 1686 1016 1763 equites
1040 1687 1182 1748 immora-

118 1772 166 1823 tos
186 1764 317 1922 epugrrd·
338 1848 504 1925 Sertorius,
525 1848 627 1927 pulsus
647 1850 712 1909 acie
735 1868 752 1911 a
774 1850 811 1925 Q.
832 1849 958 1911 lletello
982 1852 1049 1930 Pio,
1072 1873 1115 1915 ne
1137 1854 1182 1914 iu·

119 1948 187 2008 garn
215 1932 332 2011 quidem
356 1933 411 1993 sibi
439 1942 528 1995 tutam
559 1932 731 2011 arbitratus,
760 1933 845 1995 abire
874 1936 1032 2016 dispersos
1066 1939 1184 1999 milites

120 2016 222 2093 iussit,
243 2016 405 2079 admonitos
428 2021 457 2080 in
479 2037 565 2099 quem
586 2018 683 2078 locum
705 2016 798 2094 vellet
820 2020 993 2080 convenire.

159 2182 161 2185 ,
207 2118 236 2177 4.
277 2118 442 2197 Viriathus,
462 2119 521 2181 dux
531 2120 747 2195 Lusitanorum,
769 2121 873 2199 copias
892 2131 1010 2182 nostras
1026 2121 1183 2183 locorum·

125 2220 181 2283 que
208 2202 388 2284 iniquitatem
416 2206 509 2267 evasit
535 2205 637 2264 eadem
659 2222 718 2281 qua
738 2203 889 2265 Sertorius
911 2207 1044 2283 ratione,
1068 2225 1183 2286 sparso

124 2289 275 2367 exercitu,
299 2288 405 2350 deinde
423 2290 598 2351 recollecto.

210 2391 240 2449 5.
286 2388 423 2450 Horatius
439 2387 565 2464 Cocles,
586 2398 732 2465 urguente
746 2389 897 2450 Porsenae
915 2389 1070 2466 exercitu,
1095 2392 1186 2451 iussit

125 2491 196 2533 suos
217 2491 272 2551 per
294 2483 414 2550 pontem
435 2473 532 2533 redire
553 2474 581 2533 in
598 2473 701 2533 urbem
719 2491 866 2552 eumque,
890 2491 928 2532 ne
949 2476 987 2535 ea
1009 2473 1184 2553 subseque-

127 2566 208 2617 retur
231 2555 341 2633 hostis,
363 2557 554 2622 intercidere:
578 2558 745 2637 quoddam
768 2558 910 2631 allicitur,
937 2557 968 2616 in
991 2559 1094 2636 cupite
1119 2560 1185 2618 cius

129 2648 330 2720 propugnator
356 2642 419 2721 ipse
447 2642 636 2721 insequentes
662 2644 794 2707 detinuit.
840 2640 946 2703 Audito
969 2642 1103 2721 denique
1124 2644 1185 2703 ira·

129 2743 204 2803 gorc
224 2726 319 2804 pontis
343 2726 471 2805 abrupti,
498 2728 605 2789 deiecit
627 2747 660 2788 se
681 2730 710 2788 in
732 2727 864 2803 alveum,
888 2744 1014 2804 cumque
1037 2726 1067 2785 in
1092 2730 1185 2786 armis

131 2820 161 2873 et
182 2811 352 2873 vulneribus
375 2822 510 2873 oneratus
533 2815 702 2907 transnavit.

185 2988 188 2993 1
216 2912 245 2975 6.
286 2910 421 2975 Afranius
440 2914 469 2973 in
489 2913 626 2993 Hispania
644 2913 680 2974 ad
694 2912 837 2986 Ilerdam,
860 2928 925 2970 cnm
948 2907 1116 2990 Gaesarem
1139 2911 1184 2971 iu·

130 3008 234 3080 geret,
263 2998 388 3061 instante
415 3016 451 3059 eo
472 3008 568 3060 castra
589 3000 701 3077 posuit:
731 2994 894 3058 cumidem
918 2992 1031 3055 Caesar
1053 2994 1186 3054 lecisset

132 3096 162 3147 et
182 3084 350 3169 pabulatum
369 3101 438 3147 suos
457 3085 600 3159 misisset,
623 3082 675 3143 ille
693 3082 806 3159 signum
826 3088 950 3158 repente
965 3078 1065 3138 itineri
1088 3078 1183 3148 dedit.

218 3191 247 3248 7.
294 3185 454 3259 Antonius,
480 3203 543 3245 cunr
566 3203 603 3244 ex
620 3184 733 3244 Parthis
756 3182 813 3242 sibi
832 3178 1004 3239 instantibus
1026 3178 1187 3257 reciperet

134 3270 295 3328 exercitum
316 3281 361 3346 et,
391 3271 525 3349 quotiens
545 3271 637 3348 prima
659 3268 726 3328 luce
747 3272 898 3339 moveret,
919 3264 1028 3322 totiens
1052 3280 1185 3339 urguen-

135 3350 211 3409 tibus
237 3348 425 3412 barbarorum
449 3354 563 3430 sagittis
592 3352 782 3411 infestaretur
811 3348 977 3408 abeuntium
1002 3363 1132 3424 agmen,
1156 3349 1187 3405 in

136 3432 261 3509 quintam
286 3430 387 3494 horam
414 3439 553 3496 continuit
583 3452 653 3495 suos
682 3444 712 3494 et
732 3432 820 3492 iidem
841 3448 879 3491 eo
901 3431 1073 3490 stativorum
1098 3430 1186 3491 iecit.
