2475 3909
129 195 169 259 26
460 208 537 257 snx.
560 206 650 257 runu
668 204 840 255 rennuunt

216 362 265 425 12.
310 362 451 425 Chabrias
473 362 661 423 Atheniensis
689 360 786 421 alasse
815 358 1020 434 dimicaturus,
1047 378 1182 421 excusso

129 456 194 507 aute
215 465 317 508 neven
339 449 430 527 Ipius
452 447 588 521 fulmine,
609 447 757 505 exterritis
779 462 834 523 per
854 443 914 503 tale
937 444 1106 522 prodigium
1127 447 1181 504 mi·

129 529 227 591 litibus
256 530 357 604 Nune,
388 534 497 610 iuquit,
532 532 713 609 potissimum
744 528 870 589 ineunda
898 545 995 605 pugna
1022 536 1080 603 est,
1113 547 1181 588 eum

127 614 258 675 Deorum
281 618 420 677 maximus
443 616 553 694 Iupiter
577 614 684 675 adesse
706 630 812 674 numen
833 630 918 672 suum
939 611 1028 673 elassi
1053 621 1180 673 uestrae

128 698 263 759 ostendit.

539 824 758 835 ..ω-...ιη’-

424 980 514 1079 tii.
542 982 652 1079 {uun
672 982 874 1079 uuumuu

195 1170 660 1247 s'uuurnnnunnuun
686 1170 825 1243 uranu
851 1167 1109 1245 sucunuus,

572 1365 734 1375 -—-—

491 1484 812 1552 PRAEFATIO.

218 1628 376 1708 Dispositis
398 1630 491 1707 primu
514 1626 590 1687 libro
610 1628 754 1707 exemplis
773 1630 967 1704 instructum,
983 1637 1014 1687 ut
1034 1646 1101 1688 mea
1122 1628 1181 1687 fert

133 1712 244 1790 opinio,
267 1713 371 1773 ducena
392 1714 421 1771 in
438 1712 494 1787 his,
518 1728 593 1789 quae
614 1720 681 1772 ante
697 1715 881 1773 commissum
903 1712 1046 1791 proelium
1063 1713 1182 1790 agenda

133 1804 209 1872 sunt,
231 1797 371 1875 deinceps
388 1795 544 1856 reddemus
563 1796 738 1873 pertinentia
750 1797 786 1857 ad
799 1815 850 1874 ea,
871 1815 947 1875 quae
961 1798 991 1856 in
1005 1798 1072 1876 ipsu
1089 1814 1180 1876 proe-

132 1878 173 1939 Iiu
188 1882 235 1956 agi
258 1881 371 1956 solent,
398 1886 428 1939 et
445 1878 549 1939 deiude
573 1896 624 1954 ea,
648 1897 723 1957 quae
746 1890 814 1960 pust
838 1881 990 1959 proelium.

215 1963 334 2039 Eorum,
358 1981 432 2042 quae
457 1963 493 2023 ad
516 1963 661 2041 proelium
682 1966 842 2043 pertinent,
866 1966 984 2044 speeies
1006 1973 1089 2023 sunt:

233 2047 256 2109 I.
298 2047 344 2107 De
367 2056 500 2127 tempure
524 2048 558 2107 ad
581 2066 708 2126 pugnam
723 2048 872 2125 eligendo.

216 2130 256 2190 II.
299 2132 435 2193 Deloue
458 2132 494 2192 ad
517 2148 643 2210 pugnam
664 2133 812 2210 eligendo.

205 2215 256 2278 Ill.
298 2215 344 2277 De
366 2220 430 2277 aeIe
453 2217 619 2277 ordinanda.

205 2301 255 2363 IV.
298 2300 344 2362 De
366 2304 431 2361 acie
451 2301 577 2361 hostiurn
597 2299 748 2361 turbanda.

219 2386 255 2444 V.
299 2385 344 2445 De
367 2386 485 2445 insidiis.

205 2469 257 2529 VI.
301 2468 346 2527 De
369 2467 526 2527 emittendo
541 2467 644 2542 hoste,
666 2486 704 2527 ne
723 2468 840 2529 clausus
856 2468 999 2547 proelium
1015 2486 1054 2528 ex
1071 2468 1181 2547 despa-

344 2552 457 2611 ratione
478 2551 670 2629 redintegret.

194 2635 258 2696 v11.
301 2634 346 2694 De
370 2634 583 2697 dissimulandis
606 2636 749 2695 adversis.

180 2720 257 2781 VIII.
300 2718 347 2779 De
370 2719 547 2779 restituenda
563 2737 618 2797 per
634 2720 823 2779 constantim
833 2720 908 2779 acie.

220 2804 329 2864 Eurum
343 2802 459 2880 deinde,
481 2820 557 2881 quae
573 2813 642 2882 post
657 2804 801 2883 proelium
814 2803 927 2880 agenda
943 2812 1019 2878 sunt,
1042 2802 1095 2862 has
1114 2820 1182 2863 esse

134 2906 256 3035 specIIIs.
275 2896 563 3117 exsupprnealsapuprrpppm
581 2974 722 3048 cesserit,
740 2971 777 3031 de
793 2971 1025 3031 consummandis
1046 2969 1181 3047 reliquiis

364 3076 424 3117 eu.

221 3141 257 3200 X.
300 3143 331 3201 Si
354 3160 403 3201 res
426 3141 524 3201 durius
544 3141 685 3214 cesserit,
705 3139 743 3200 de
764 3140 897 3200 adversis
919 3136 1121 3198 emendandis.

208 3224 258 3285 XI.
300 3226 346 3285 De
370 3224 524 3285 dubiorum
546 3224 647 3283 animis
671 3224 700 3282 in
721 3224 778 3284 fide
795 3222 964 3283 retinendis.

193 3305 257 3364 XII.
302 3309 384 3380 Quae
407 3306 540 3368 facienda
563 3309 619 3366 sint
640 3324 693 3385 pro
717 3308 839 3382 eastris,
867 3308 892 3364 si
913 3307 985 3365 satis
1008 3304 1134 3365 Iidueiae
1155 3306 1184 3363 iu

342 3390 545 3467 praesentibus
568 3393 662 3471 copiis
681 3409 740 3451 non
761 3390 928 3451 habeamus.

179 3467 257 3529 XIII.
300 3469 345 3529 De
369 3472 546 3549 effugiendo.
