2475 3909
221 220 563 273 sunnnuounnuncou
583 225 653 275 nnn.
675 226 698 278 1.
721 224 798 275 car.
821 228 867 275 nv.
890 226 923 278 v,
1075 215 1112 276 ll

67 381 233 461 pellantur,
256 378 477 455 transnavigare
497 388 622 457 propter
631 379 852 443 Atheniensium
874 381 1017 457 classem,
1038 397 1114 460 quae

66 465 317 543 opportunitatem
330 462 390 523 loci
402 463 602 539 custodiebat,
623 481 681 523 nou
694 475 814 543 posset,
830 466 950 543 scripsit
959 464 1113 544 Antipatro

67 550 223 609 Thraciam
241 546 408 620 rebellare,
430 547 584 624 praesidiis
602 565 678 625 quae
697 550 736 610 ibi
755 550 917 628 reliquerat
937 549 1112 616 interiectis:

66 642 97 693 ut
118 640 297 710 sequeretur
319 630 452 689 omnibus
473 632 603 691 omissis:
632 649 708 709 quae
734 634 881 711 epistolae
907 642 939 693 ut
956 634 1114 710 intercipe·

66 725 168 777 rentur
191 713 227 775 ab
251 714 353 790 hoste,
378 716 499 774 curavit.
550 713 765 791 Athenienses,
790 735 897 779 arcana
923 716 1116 777 Macedonum

68 802 230 879 excepisse
248 800 321 873 visi,
352 798 479 859 classem
499 796 692 861 abduxerunt.
737 801 888 882 Philippus
912 801 995 863 nullo
1016 801 1114 880 probi·

66 886 155 945 hante
181 884 330 959 angustias
358 882 426 941 irati
448 882 592 943 liberavit.

153 966 252 1043 ldem,
276 984 340 1025 cum
362 963 596 1041 Cherronesum,
618 986 692 1046 quae
712 969 782 1029 iuris
798 967 1019 1031 Atheniensium
1039 978 1114 1044 erat,

67 1068 220 1129 occupare
242 1049 464 1129 prohiberetur,
484 1051 649 1112 tenentibus
671 1054 822 1113 transitum
843 1070 902 1115 uon
910 1054 1115 1128 Byzantiorum

69 1144 196 1210 tantum,
216 1134 270 1193 sed
295 1133 475 1193 Rhodiorum
502 1150 619 1213 quoque
642 1146 673 1195 et
696 1135 835 1197 Chiorum
853 1137 992 1215 navibus,
1014 1138 1113 1199 conci·

67 1216 151 1281 liavit
179 1219 289 1279 animos
316 1234 419 1277 eorunm
441 1218 594 1279 reddendo
623 1238 730 1295 naves,
762 1239 835 1299 quas
862 1232 999 1299 ceperat,
1030 1221 1113 1301 qnasi

67 1312 243 1381 sequestres
261 1302 371 1363 iuturus
391 1302 567 1361 ordinandae
589 1305 671 1381 pacis
689 1306 764 1365 iuter
782 1323 816 1365 se
836 1315 923 1383 atque
945 1306 1112 1380 Byzantios,

67 1389 121 1465 qui
144 1404 233 1447 causa
260 1385 329 1445 belli
352 1394 451 1445 erant:
474 1395 626 1464 tractaque
648 1406 703 1463 per
723 1406 856 1463 maguum
877 1398 992 1464 tenpus
1014 1399 1112 1467 postu·

69 1472 201 1545 latione,
225 1486 287 1528 cum
306 1469 446 1529 industria
469 1469 593 1529 subinde
616 1470 724 1548 aliquid
751 1473 781 1528 iu
801 1471 1014 1531 conditionibus
1035 1481 1113 1531 rete·

68 1563 172 1631 xeret,
196 1552 321 1617 classem
343 1570 397 1631 pcr
416 1553 494 1614 idem
512 1562 627 1631 tempus
649 1555 837 1653 praeparavit
857 1572 952 1633 eaque
974 1556 1003 1615 in
1025 1573 1114 1633 augu-

69 1640 140 1701 stias
160 1638 229 1697 freti
247 1638 389 1714 imparato
411 1637 497 1698 hoste
524 1637 637 1700 subitus
657 1640 760 1699 evasit.

155 1724 204 1783 1.4
155 1719 369 1781 leabrias
387 1721 593 1797 Atheniensis,
620 1742 686 1784 cnm
707 1724 790 1784 adire
818 1732 933 1804 portum
953 1723 1115 1783 Samiorum

69 1806 205 1869 obstante
227 1804 324 1865 navali
346 1802 473 1865 hostium
492 1807 642 1884 praesidio
660 1825 719 1868 uon
741 1817 860 1887 posset,
881 1825 991 1886 paucas
1014 1826 1032 1867 e
1054 1808 1114 1867 suis

68 1890 191 1951 navibus
213 1899 332 1967 praeter
353 1898 475 1967 portum
490 1890 594 1949 missas
615 1892 701 1953 iussit
720 1893 860 1969 transire,
879 1892 1045 1966 arbitratus,
1066 1892 1115 1970 qui

69 1977 97 2035 in
126 1975 253 2034 statione
283 1981 381 2048 erant,
411 1982 637 2051 persecuturos:
665 1977 762 2054 iisque
791 1995 847 2055 per
872 1977 932 2039 hoc
961 1976 1115 2039 consilium

71 2059 218 2135 avocatis,
253 2056 334 2117 nullo
369 2055 503 2119 obstante
537 2068 652 2137 portum
679 2078 744 2121 curn
771 2061 885 2140 reliqua
914 2062 1040 2141 adeptus
1068 2069 1115 2121 est

71 2142 178 2203 classe.

481 2305 629 2371 CAPUT
660 2310 697 2371 V.

220 2440 267 2490 nn
289 2438 483 2487 avuouuoo
504 2428 552 2485 ux
573 2439 674 2488 noo1s
702 2440 968 2491 nurntctunrurs.

159 2562 186 2619 1.
210 2559 246 2634 Q.
266 2565 416 2625 Sertorius
438 2565 468 2623 in
487 2561 641 2641 Hispania,
662 2581 725 2622 cum
745 2581 762 2623 a
782 2572 868 2663 tergo
886 2563 1011 2625 instante
1027 2562 1114 2625 hoste

67 2646 176 2707 humen
199 2646 326 2709 traicere
348 2666 474 2709 necesse
496 2644 636 2722 haberet,
659 2647 797 2707 vallum
788 2664 817 2706 ιιι
831 2649 896 2725 ripa
917 2650 980 2708 cirus
1001 2649 1031 2709 in
1052 2665 1114 2707 mo·

67 2730 136 2791 dum
159 2746 252 2789 cauae
269 2733 360 2793 lunae
383 2732 466 2793 duxit
488 2738 517 2789 et
539 2740 691 2791 oneratum
711 2732 840 2792 materiis
859 2733 1003 2793 incendit.
1026 2742 1114 2810 atque

68 2816 107 2875 ita
136 2814 267 2875 exclusis
287 2816 420 2877 hostibus
442 2802 548 2875 humen
569 2813 664 2874 libere
685 2824 888 2892 transgressus
907 2826 964 2875 est

155 2896 185 2957 2.
208 2898 345 2959 Similiter
364 2898 521 2977 Pelopidas
544 2896 700 2957 Thebanus
724 2898 805 2957 bello
826 2898 999 2972 Thessalico
1021 2908 1113 2959 trans·

67 2981 137 3039 itum
183 2984 337 3058 quaesivit.
389 2982 521 3060 Namque
554 2981 658 3040 castris
691 2980 863 3058 ampliorem
895 2981 993 3039 locum
1025 2997 1114 3058 supra

66 3066 160 3144 ripam
183 3067 373 3144 complexus,
402 3066 510 3129 vallum
538 3064 666 3125 cervulis
694 3063 808 3125 etalio
836 3064 974 3123 materiae
1003 3080 1115 3139 genere

68 3157 269 3211 constructum
296 3150 438 3212 incendit:
465 3150 590 3228 dumque
616 3149 732 3227 ignibus
765 3147 973 3209 submoventur
999 3148 1114 3225 hostes,

67 3234 132 3312 ipse
154 3232 273 3295 iluuium
294 3236 455 3311 superarit.

153 3316 184 3379 3.
204 3316 239 3391 Q.
253 3317 382 3381 Lutatius
402 3315 537 3394 Catulus,
562 3312 626 3378 cu'm
641 3336 657 3377 a
673 3315 797 3377 Cimbris
813 3316 915 3395 pulsus
925 3333 1015 3377 ‘unam
1029 3334 1113 3395 spem

66 3401 169 3460 salutis
193 3402 333 3478 haberet,
357 3404 381 3461 si
406 3401 512 3461 llumen
534 3402 812 3477 liberassetscuius
834 3402 928 3480 ripam
947 3402 1050 3461 hostes
1070 3409 1114 3463 te·

66 3484 192 3562 nebant,
212 3486 241 3547 in
258 3488 392 3566 proximo
405 3496 503 3549 moute
523 3487 781 3565 copiasostendit,
803 3486 1004 3565 tamqunmibi
1016 3494 1113 3544 castra
