2475 3909
271 176 615 248 srmmonnnmeon
636 186 707 237 ma.
727 186 751 237 1.
774 145 851 237 cue.
875 189 908 239 v.
1085 177 1123 239 lt

70 342 256 405 induciarum
268 350 298 401 et
315 360 371 420 per
384 341 459 403 haee
470 350 594 403 avesate
612 341 790 418 intentione,
808 342 1007 407 adversarium
1019 350 1122 409 erasit.

163 428 213 488 19.
246 426 410 487 Hasdrubal
438 426 531 486 irater
560 425 745 504 Hannibalis,
769 445 835 487 oum
862 428 966 488 saltum
994 432 1123 492 evadere

72 530 134 572 uon
158 519 280 590 posset,
303 509 437 569 iaueibus
461 511 525 569 eius
542 509 770 587 obsessis,·egit
788 529 852 571 oum
867 509 990 573 Claudio
1004 512 1123 576 Nerone

74 596 254 673 recepitque
289 594 437 653 dimissum
470 612 503 653 se
534 593 673 672 Hispania
705 612 905 657 excessurum.
962 594 1124 659 cavillatus

73 679 182 740 deinde
206 677 437 753 conditionibus,
466 677 528 737 dies
557 677 670 757 aliquot
694 680 836 749 extraria
864 680 969 759 quibus
991 682 1125 743 omnibus

75 780 135 823 non
157 763 255 822 omisit
273 780 329 840 per
347 771 486 838 angustos
502 764 633 821 tramites
650 771 681 822 et
701 762 739 822 ob
754 763 784 822 id
804 764 960 841 neglectos
980 767 1124 827 dimittere

76 865 133 927 per
155 856 255 925 partes
277 846 461 907 exereitumr‘
477 846 541 925 ipse
563 846 669 907 deinde
687 864 752 906 euru
770 848 893 927 reliquis
914 850 1060 929 expeditis
1081 852 1124 913 la·

80 931 138 991 uile
159 930 273 1007 effugit.

161 1014 214 1075 20.
239 1014 399 1092 Spartacus
420 1011 548 1089 fossam,
570 1023 709 1093 quaerat
730 1033 747 1074 a
766 1013 805 1075 H
828 1013 937 1076 Crasso
961 1019 1122 1079 oireumda·

77 1107 137 1174 tus,
164 1098 261 1157 eaesis
284 1098 464 1174 'captivorum
480 1114 681 1178 pecorumque
697 1099 872 1179 torporibus
886 1110 975 1163 noem
996 1104 1125 1182 replevit

80 1192 109 1241 et
131 1198 347 1260 supergressus
371 1189 426 1239 est.

164 1266 217 1325 21.
246 1265 361 1325 ldem
352 1283 382 1323 ιιι
408 1264 538 1325 Vesuvio
568 1265 727 1341 obsessus,
762 1284 797 1327 ea
825 1277 927 1345 parte,
956 1286 1012 1346 qna
1041 1288 1124 1331 mons

74 1350 258 1429 asperrimus
280 1357 341 1408 erat
361 1348 490 1427 ideoque
509 1350 720 1423 incustoditus,
744 1368 784 1409 ex
798 1352 905 1409 vimine
928 1352 1058 1412 silvestri
1074 1372 1122 1414 ea·

70 1444 159 1494 terras
190 1433 350 1501 eonseroit;
380 1433 484 1512 quibus
513 1434 658 1495 demissus
684 1450 743 1491 non
771 1433 864 1491 solum
888 1435 998 1511 evasit,
1019 1454 1122 1495 verum

72 1520 224 1578 etiam‘ex
242 1517 298 1575 alio
318 1517 412 1576 latere
434 1514 568 1577 Clodium
591 1518 631 1577 ita
653 1518 772 1593 terruit,
795 1526 828 1576 ut
848 1517 960 1595 aliquot
982 1520 1122 1581 eohortes

71 1599 285 1679 gladiatoribus
308 1608 442 1679 quattuor
465 1609 493 1659 et
516 1602 700 1678 septuaginta
724 1602 878 1660 cesserint.

158 1684 211 1743 22.
234 1683 331 1759 ldem,
348 1702 446 1760 eumn
458 1684 490 1743 P.
505 1683 626 1744 Varinio
644 1686 824 1762 proconsule
838 1686 1012 1765 praeclusus
1028 1698 1121 1766 esset,

73 1769 148 1848 palis
167 1768 350 1847 per-modica
367 1766 521 1827 intervalla
541 1768 606 1827 lintis
627 1779 694 1829 ante
714 1779 828 1848 portam
847 1779 948 1831 erecta
965 1773 1121 1850 cadavera,

74 1854 214 1913 adornata
235 1862 320 1929 veste
341 1860 429 1930 atque
452 1852 555 1928 armis,
584 1852 741 1930 adligavit,
764 1863 795 1913 ut
818 1854 923 1932 prooul
944 1856 1122 1918 intuentibus

74 1937 207 1997 stationis
226 1938 346 2015 speeies
358 1945 455 2011 esset,
474 1935 589 2013 ignibus
604 1946 732 2015 pentola
749 1948 844 1999 eastra
856 1939 952 1999 laetis.
991 1941 1122 2019 lmagine

73 2040 147 2081 rana
168 2021 273 2081 deluso
293 2020 390 2095 hoste,
416 2022 517 2097 copias
542 2020 660 2080 silentio
682 2023 777 2081 noetis
798 2023 908 2083 eduxit.

159 2104 210 2165 23.
240 2104 376 2165 Brasidas
400 2104 459 2163 dux
486 2100 800 2180 Lacedaemoniorum,
827 2106 905 2165 eirea
933 2106 1121 2187 Amphipolin

72 2190 108 2249 ab
129 2188 353 2249 Atheniensium
368 2188 547 2249 multitudine
560 2205 682 2247 numero
697 2189 790 2265 impar
806 2188 1026 2266 deprehensus,
1042 2192 1121 2251 olan·

72 2273 199 2333 dandum
215 2291 248 2332 se
261 2274 421 2351 praestitit,
441 2281 471 2331 ut
487 2272 672 2351 perlongum
688 2288 818 2331 coronae
834 2270 969 2331 ambitam
984 2282 1121 2334 extenua·

71 2368 118 2419 ret
136 2356 276 2417 hostilem
295 2357 504 2435 frequentiam:
527 2374 643 2435 quaque
663 2356 803 2417 rarissimi
824 2355 997 2434 obstabant,
1015 2360 1120 2437 erupit.

162 2440 216 2503 24.
238 2440 401 2519 Iphicrates
424 2442 452 2499 in
468 2435 593 2501 Thracia
614 2460 679 2500 curn
694 2442 840 2520 depresso
858 2441 926 2501 loeo
949 2452 1045 2503 eastra
1069 2461 1122 2522 po·

71 2527 203 2601 suisset,
227 2525 414 2603 explorasset
434 2534 529 2589 autem
544 2524 580 2583 ab
594 2524 680 2585 hoste
697 2529 861 2605 proximum
880 2529 974 2586 teneri
1003 2528 1121 2605 oollam,

76 2629 113 2669 ex
145 2626 205 2687 qno
233 2627 307 2669 unus
335 2609 372 2670 ad
399 2607 606 2686 obprimendos
636 2612 720 2689 ipsos
748 2610 910 2674 descensus
933 2622 1012 2689 erat,
1034 2624 1122 2674 noete

76 2695 278 2771 paueis'intra
300 2702 395 2753 eastra
419 2692 531 2751 relictis
553 2694 726 2771 imperavit,
744 2696 851 2755 multos
873 2698 958 2773 ignes
978 2697 1122 2775 iaeerent,

76 2777 246 2856 eductoque
269 2779 401 2837 exercitu
424 2786 454 2836 et
476 2777 620 2854 disposito
645 2779 723 2836 cirea
746 2779 838 2838 latera
854 2780 1026 2856 praedictae
1045 2783 1122 2857 viae,

71 2880 181 2961 passus
204 2871 250 2921 est
270 2862 394 2921 transire
419 2858 575 2927 barbaros;
604 2860 796 2937 locorumque
821 2862 988 2939 iniquitate,
1015 2864 1044 2921 in
1067 2880 1123 2941 qua

72 2948 139 3023 ipse
162 2945 277 3020 luerat,
297 2946 326 3003 in
347 2946 416 3005 illos
439 2946 601 3019 eonversa',
624 2951 710 3021 parte
739 2944 888 3002 exereitus
915 2952 1000 3084 terga
1022 2964 1123 3008 eorum

73 3029 211 3103 oeoidit,
221 3038 305 3107 parte
329 3038 426 3089 eastra
440 3030 535 3106 cepit.

160 3112 212 3173 25.
237 3114 369 3189 Dareus,
399 3122 430 3171 ut
459 3112 578 3171 falleret
600 3110 726 3188 Scythas
748 3112 898 3186 discessu,
922 3128 1012 3170 canes
1035 3121 1122 3192 atqua

75 3198 178 3257 asinos
206 3199 236 3257 in
265 3198 370 3257 eastris
397 3196 531 3273 reliquit:
562 3212 637 3274 quos
666 3213 730 3255 oum
758 3195 899 3256 latrantes
922 3194 1123 3278 rudentesque

73 3282 170 3343 bostis
195 3283 325 3357 audiret,
349 3298 501 3341 remanere
524 3280 652 3340 Dareum
674 3279 807 3339 eredidit.

160 3364 213 3427 26.
237 3364 379 3427 Eumdem
400 3382 531 3425 errorem
553 3363 698 3424 obieetnri
723 3366 832 3424 uostris
853 3364 983 3441 Silures,
1004 3383 1060 3444 per
1079 3366 1122 3425 di-

71 3468 160 3513 versa
178 3450 246 3513 looa
266 3450 391 3513 botulos
414 3450 527 3528 laqueis
549 3447 584 3509 ad
606 3447 730 3507 arbores
756 3448 973 3527 adligaverunt,
1001 3452 1051 3527 qui
1072 3449 1122 3507 de-
