2475 3909
132 194 175 258 92
460 205 538 256 sax.
560 205 649 254 uuum
671 204 841 254 rnonrmr

133 362 209 424 duos
230 360 359 424 admovit
380 359 503 420 iuuenes
528 358 661 420 similiter
682 359 833 434 adiectos,
855 359 1007 422 robustum
1029 367 1059 418 et
1083 357 1184 435 gruci-

133 446 207 507 lem:
231 463 267 506 ac
290 443 449 506 robustiori
470 443 642 521 imperarit,
666 443 734 522 equi
757 445 843 506 exilis
868 445 1032 504 universam
1055 442 1185 502 caudam

133 530 327 608 abrumpere,
348 526 453 605 gracili
474 536 586 603 autem,
609 526 780 588 valentioris
799 545 854 606 per
870 527 1002 604 singulos
1021 526 1103 605 pilos
1116 524 1183 584 vel·

133 614 208 678 lere.
253 610 384 689 Cumque
404 610 509 687 gracili
523 611 720 672 successisset
738 612 817 691 quod
835 613 1007 689 imperatum
1030 619 1107 685 erat,
1129 626 1182 668 ra·

133 697 290 758 lidissimus
313 713 379 756 eum
395 695 499 754 inlirmi
517 695 585 773 equi
607 693 700 756 cauda
720 697 783 756 siue
805 696 913 756 effectu
929 694 1102 766 luctaretur,
1122 691 1182 750 Na-

133 791 245 854 turam,
275 779 366 856 inquit
393 779 559 853 Sertorius,
588 776 782 839 Romanarum
808 781 911 840 virium
934 796 988 857 per
1010 776 1070 836 hoc
1094 775 1182 834 vobis

134 863 300 940 exemplum
321 861 455 937 ostendi,
475 862 600 922 milites:
628 861 841 941 insuperabiles
863 872 930 924 snnt
952 861 1107 921 universas
1130 859 1181 918 ad·

132 945 295 1024 gredienti,
317 945 438 1006 easdem
459 944 602 1007 lacerabit
616 953 647 1005 et
665 956 787 1027 carpet,
807 948 855 1026 qui
878 963 933 1025 per
955 953 1056 1024 partes
1077 943 1181 1004 adten-

132 1031 247 1092 taverit.

220 1115 251 1173 7.
290 1111 426 1172 Valerius
437 1109 579 1172 bassinus
591 1112 710 1187 consul,
727 1130 791 1172 cum
808 1113 881 1174 intra
894 1120 989 1174 castra
1002 1129 1053 1173 sua
1073 1111 1182 1189 explo-

133 1206 261 1258 ratorem
277 1195 402 1256 hostium
420 1195 666 1274 deprehendisset
681 1213 873 1275 magnumque
891 1197 1041 1274 copiarum
1061 1213 1182 1254 suarum

133 1279 267 1342 lidueiam
286 1279 428 1356 haberet,
457 1281 634 1340 circumduci
661 1297 727 1340 eum
749 1281 845 1350 iussit;
872 1279 1062 1358 terrendique
1084 1278 1182 1338 hostis

134 1383 224 1427 cansa
246 1365 369 1440 adiecit,
388 1364 537 1425 exereitus
557 1380 629 1426 suos
651 1363 790 1426 visendos
805 1361 1041 1443 speculatoribus
1064 1377 1180 1436 eorum,

135 1450 271 1527 quotiens
293 1448 472 1524 voluissent,
495 1456 608 1526 patere.

221 1531 251 1593 8.
293 1530 442 1593 caeditius
460 1531 665 1611 primipilaris,
689 1530 737 1610 qui
763 1530 791 1590 in
814 1529 966 1593 Germania
985 1539 1054 1610 post
1074 1529 1181 1590 Varia·

135 1633 200 1676 nam
221 1614 334 1676 cladem
354 1616 487 1676 obsessis
505 1615 613 1675 nostris
633 1630 687 1694 pro
707 1615 783 1674 duce
804 1614 876 1691 luit,
900 1615 1025 1690 veritus,
1049 1633 1088 1674 ue
1112 1614 1178 1674 bar·

133 1698 197 1759 bari
227 1699 305 1776 ligna
328 1717 404 1778 qnae
435 1707 577 1776 congesta
604 1707 688 1758 eraut
711 1698 790 1759 vallo
816 1699 1006 1758 admoverent
1028 1707 1058 1758 et
1081 1706 1180 1758 castra

135 1783 199 1842 eius
228 1782 435 1857 incenderent,
467 1783 598 1842 simulata
620 1783 764 1859 lignorum
787 1783 902 1861 inopia,
932 1783 1028 1842 missis
1048 1782 1179 1858 undique

133 1866 184 2008 pul
199 1881 236 1923 ea
257 1864 422 1924 furarentur
443 1865 563 1941 effecit,
585 1874 616 1926 ut
634 1863 768 1926 Germani
783 1867 936 1926 uniuersos
956 1874 1077 1926 truncos
1098 1881 1178 1925 amo-

146 1949 264 2008 ireutur.

220 2030 248 2092 9.
290 2028 343 2091 Gn.
368 2029 470 2108 Scipio
492 2028 573 2090 bello
590 2031 686 2091 navali
701 2031 857 2111 amphoras
872 2034 940 2112 pice
961 2041 991 2092 et
1011 2030 1100 2092 taeda
1115 2030 1178 2108 ple·

135 2131 189 2174 uas
212 2115 241 2172 in
262 2113 387 2174 hostium
409 2112 535 2174 classem
553 2114 698 2175 iaculatus
715 2124 777 2191 est,
800 2134 921 2195 quarum
938 2118 1030 2176 iactus
1055 2123 1085 2175 et
1106 2129 1179 2192 pon·

135 2198 206 2259 dere
218 2198 296 2260 loret
307 2200 412 2259 noxius
423 2206 454 2258 et
470 2198 674 2274 diffundendo,
688 2216 763 2276 quae
775 2200 991 2276 continuerant,
1011 2198 1178 2258 alimentum

135 2292 300 2361 praestaret
316 2282 461 2342 incendio.

223 2368 273 2428 to.
315 2363 458 2425 llannibal
479 2364 544 2440 regi
568 2364 715 2426 Antiocho
737 2368 923 2442 monstravit,
947 2374 977 2425 ut
997 2367 1025 2424 in
1050 2364 1179 2426 hostium

136 2447 264 2508 classem
284 2447 404 2507 vascula
421 2448 596 2507 iacularetur
616 2450 727 2528 viperis
749 2450 847 2529 plena,
870 2467 989 2527 quarum
1010 2458 1088 2508 metu
1110 2466 1179 2527 per·

133 2530 226 2589 territi
240 2530 347 2590 milites
363 2548 380 2589 a
395 2529 579 2590 dimicatione
595 2540 625 2589 et
638 2534 761 2592 nauticis
776 2534 942 2594 ministeriis
958 2533 1178 2610 impedirentur.

218 2612 267 2670 11.
311 2610 391 2671 ldem
413 2611 500 2689 lecit,
523 2613 580 2674 iam
598 2615 723 2676 cedente
744 2616 840 2678 classe
863 2634 934 2691 sua,
952 2615 1080 2676 Prusias.

216 2691 265 2751 12.
309 2692 347 2753 bl.
371 2693 493 2755 Porcius
513 2698 621 2775 impetu
649 2699 677 2756 in
697 2699 823 2760 classem
844 2697 969 2758 bostium
988 2717 1054 2759 cum
1075 2698 1180 2761 transi·

133 2776 256 2852 luisset,
283 2776 445 2840 deturbatis
472 2797 510 2840 ex
532 2798 568 2840 ea
590 2780 697 2842 Poenis
720 2799 879 2861 eorumque
898 2785 984 2842 armis
1007 2792 1036 2842 et
1060 2784 1181 2859 insigni·

133 2858 189 2922 bus
210 2861 285 2923 iuter
304 2880 373 2924 suos
394 2862 564 2940 distributis,
583 2865 687 2926 multas
709 2884 799 2928 naves
821 2867 956 2942 hostium,
977 2883 1052 2948 quos
1074 2865 1182 2926 sociali

133 2944 234 3007 babitu
252 2946 417 3021 fefellerat,
438 2949 549 3008 mersit.

219 3029 268 3092 13.
310 3030 524 3106 Athenienses,
546 3049 610 3092 curn
627 3031 749 3093 subinde
769 3031 1038 3094 aLacedaemoniis
1059 3031 1180 3092 infesta·

133 3121 251 3188 rentur,
268 3114 371 3178 diebus
393 3113 493 3188 lestis,
513 3131 588 3192 quos
609 3133 714 3176 sacros
733 3115 882 3177 blinervae
903 3125 985 3176 extra
1002 3114 1107 3176 urbem
1131 3134 1180 3176 ce·

134 3195 304 3272 lebrahaut,
321 3213 436 3256 omnem
451 3198 566 3274 quidem
582 3198 738 3258 colentium
754 3200 940 3260 imitationem
953 3209 1179 3278 expresserunt,

135 3279 224 3336 armis
243 3288 339 3339 tamen
366 3279 421 3340 sub
442 3289 527 3340 veste
548 3280 662 3341 celatis.
705 3281 830 3343 Peracto
850 3284 907 3344 ritu
926 3301 980 3343 suo
1001 3299 1060 3342 non
1082 3283 1180 3344 statim

135 3353 418 3453 ⁴{thenas-rorensi,
444 3362 498 3422 sed
518 3373 660 3441 protenus
681 3364 747 3424 iude
765 3367 868 3443 raptim
891 3374 957 3426 acto
979 3364 1179 3426 Lacedaemo·

137 3449 249 3494 morum
265 3457 294 3496 m
313 3458 403 3515 agros
419 3446 548 3522 agmine,
564 3463 602 3507 eo
616 3455 769 3526 tempore,
791 3466 849 3527 quo
865 3449 980 3510 minime
991 3449 1179 3524 timebantur,
