2475 3909
251 231 595 284 sumueamulcon
618 235 748 286 mmrv.
773 237 849 288 can.
863 239 923 288 vn.
1074 229 1115 292 97

62 386 167 465 posita
195 397 314 462 essent,
342 384 482 448 camillus
509 406 546 449 ea
573 392 685 466 omnia,
713 408 789 470 quae
817 401 992 470 conceptum
1019 394 1116 472 iguem

61 473 215 548 usquein
239 471 347 530 sallum
370 472 505 548 perterre
529 482 683 552 poterant,
709 475 838 536 incendit
865 477 956 537 etsie
977 475 1114 538 adversa·

62 555 128 613 rios
151 556 234 614 exuit
256 556 370 614 eastris.

152 639 205 698 41.
245 637 277 697 Ρ.
305 635 431 700 Crassus
457 635 552 706 bello,
567 641 803 720 socialiueodam
825 641 913 702 modo
932 659 1027 722 prope
1050 661 1114 703 cum

63 722 164 800 copiis
187 721 319 781 omnibus
339 723 522 800 interceptas
543 733 600 785 est.

152 804 203 867 42.
243 803 279 878 Q.
301 804 437 883 hletellus
454 805 483 864 in
496 805 635 885 Hispania
656 816 906 888 castramotums,
928 825 993 870 cum
1016 812 1044 870 iu
1063 828 1113 890 ag·

63 890 144 949 mine
165 889 273 949 milites
294 922 338 932 -
357 923 417 935 -·
438 893 450 916 ⁹

419 1006 463 1022 q
479 1005 523 1026 η-
542 973 651 1037 milites
666 975 849 1038 sociassent
865 993 898 1036 se
914 978 987 1038 intra
1004 987 1112 1054 castra,

62 1054 276 1115 llermoorates
304 1056 440 1116 detentos
467 1071 522 1116 eos
540 1066 662 1135 postero
692 1057 740 1119 die
761 1057 953 1120 habilioribus
975 1061 1031 1122 iam
1051 1063 1112 1123 suis

63 1139 184 1199 tradidit
200 1139 369 1219 bellumque
389 1139 529 1199 coniecit

152 1223 204 1284 43.
247 1222 407 1297 Miltiades,
440 1237 510 1282 cum'
538 1225 687 1301 ingentem
718 1223 871 1286 Persarum
902 1228 1112 1290 multitudinem

62 1306 148 1384 apud
158 1305 325 1367 blarathona
337 1308 478 1383 fudisset,
497 1306 697 1368 Athenienses
712 1308 790 1366 circa
807 1309 1031 1383 gratulationem
1051 1329 1111 1372 mo-

62 1399 170 1449 rantes
188 1392 339 1468 compulit,
363 1399 394 1449 ut
408 1390 581 1451 festinarent
600 1391 638 1450 ad
655 1407 743 1468 opem
756 1389 822 1449 urbi
836 1389 1001 1467 ferendam,
1027 1411 1112 1471 quam

61 1473 175 1532 classis
195 1473 345 1534 Persarum
366 1474 503 1554 petebat:
525 1491 651 1552 amque
670 1475 923 1551 praecucurrisset
944 1475 1111 1552 implesset·

60 1575 123 1635 que
153 1560 268 1623 moenia
297 1560 429 1634 armatis,
456 1559 583 1633 Persae,
612 1558 668 1618 rati
694 1557 842 1633 ingentem
870 1573 938 1616 esse
962 1575 1113 1621 numeratu

61 1639 286 1702 Atheniensium
302 1651 333 1702 et
351 1643 411 1702 alio
428 1643 521 1703 milite
536 1641 614 1720 apud
634 1640 804 1702 Marathona
825 1649 1000 1720 pugnatum,
1024 1643 1111 1704 alium

61 1742 118 1804 pro
142 1727 232 1785 muris
253 1727 314 1785 suia
335 1727 462 1805 obponi,
486 1727 672 1788 circumactis
693 1723 846 1804 extemplo
868 1725 989 1786 navibm
1011 1726 1112 1787 Asiam

61 1828 94 1870 re
139 1811 257 1869 tbnunt
899 1849 901 1854 .

96 1827 202 1953 ΡΘ44.
245 1894 411 1954 Pisistratus
435 1893 639 1971 Atheniensis,
669 1911 733 1954 cam
760 1895 932 1974 excepisset
956 1891 1110 1970 lagaron

60 1979 149 2037 siam·
160 1978 304 2053 classem,
327 1995 384 2056 qua
400 1979 443 2038 illi
460 1978 498 2038 ad
512 1978 634 2039 Eleusin
649 1989 738 2040 noma
754 1978 971 2058 adplicuerant,
992 1985 1024 2036 ut
1039 1993 1112 2056 ope·

59 2072 142 2122 ratas
159 2060 280 2122 Cereris
296 2079 382 2122 sacro
399 2063 521 2122 feminas
536 2063 758 2123 Atheniensium
772 2072 928 2140 romscot,
946 2079 1110 2140 magnaque

60 2145 143 2205 edita
168 2147 263 2206 caede
290 2161 390 2206 eoram
421 2147 500 2206 ultus
528 2156 610 2206 esset
637 2163 727 2222 suos,
759 2147 863 2204 eadem
890 2163 966 2222 quae
988 2155 1111 2224 ceperat
1178 2215 1181 2222 Ι

60 2231 180 2307 navigia
202 2229 375 2289 Atheniensi
395 2231 484 2290 milite
509 2231 684 2310 compleuit,
706 2227 878 2307 quibusdam
899 2229 1037 2291 matronis
1060 2228 1109 2287 ha-

60 2313 126 2374 bitu
146 2315 326 2392 captivarunt
349 2316 377 2372 in
405 2315 566 2394 conspeetu
588 2315 709 2374 locatis:
733 2329 790 2391 qua
811 2312 888 2372 facie
907 2311 1027 2388 decepti
1048 2309 1109 2370 hle·

60 2413 225 2474 ganeones,
243 2407 388 2475 tamquam
403 2398 464 2457 sais
482 2409 513 2458 et
528 2416 593 2458 cnm
609 2416 751 2458 successu
761 2393 999 2472 renavigantibus
1015 2394 1110 2454 enare

60 2483 143 2541 obvii
165 2483 371 2559 inermesque,
393 2500 495 2541 rursus
516 2483 653 2560 obpressi
673 2491 749 2542 sunt

147 2567 202 2626 45.
246 2563 350 2627 cimon
377 2565 436 2625 dux
463 2565 699 2643 Atheniensium,
728 2567 804 2626 victa
832 2565 931 2625 classe
956 2561 1111 2622 Persarum

60 2651 140 2729 apud
163 2650 288 2712 insulam
311 2647 448 2737 Cypron,
476 2651 582 2710 milites
604 2667 674 2710 suos
703 2651 827 2728 captivis
850 2650 939 2710 armis
968 2647 1059 2708 induit
1080 2655 1111 2706 et

61 2735 177 2794 eisdem
200 2733 535 2794 barbarornmnavibus
556 2735 594 2796 sd
612 2735 727 2794 hostem
749 2735 897 2808 navigavit
918 2733 948 2790 in
966 2731 1109 2810 Pamphy-

60 2817 128 2878 liam
153 2819 232 2896 apnd
253 2820 360 2878 humen
383 2817 622 2895 llarymedonta.⁴
654 2816 781 2889 Persae,
801 2831 868 2874 cum
891 2824 921 2874 et
942 2817 1058 2891 nauigia
1079 2823 1111 2873 et

60 2900 192 2962 habitum
222 2904 444 2982 superstantium
475 2908 689 2979 agnoscerent,
719 2897 791 2956 nihil
822 2905 981 2962 caverunt:
1012 2895 1109 2954 subito

59 2987 162 3065 itaque
181 2986 336 3065 obpressi,
356 2988 463 3049 eodem
482 2987 531 3047 die
544 2995 578 3044 et
595 2982 691 3044 navali
708 2989 739 3041 et
759 2980 889 3060 pedestri
910 2979 1026 3056 proelio
1040 2978 1110 3036 viati
1162 3021 1166 3026 -

61 3080 136 3130 sunt

479 3252 509 3264 ιιη
557 3235 574 3272 ἶ’

467 3267 576 3291 ”ss‘eu
671 3263 710 3270 ”““

467 3444 600 3546 liutein&

104 3610 224 3651 saona.
250 3607 366 3650 sunau.
411 3623 414 3628 -
479 3669 482 3672 ἡ
