2475 3909
123 192 164 257 28
457 205 532 253 sus.
556 206 645 253 xcnn
666 204 838 253 1661111111

123 363 160 423 66
174 360 309 439 corporis
329 376 425 419 curam
445 368 475 419 et
493 358 588 419 cibum
604 361 776 437 capiendum
788 360 1007 419 festinaverunt.
1037 356 1172 439 Iphicra-

123 455 168 507 tes
195 462 295 506 rursus
319 443 418 504 eduxit
440 451 470 503 et
490 444 675 523 incompositi
695 445 787 504 hostis
810 444 969 521 adgressus
992 452 1038 503 est
1060 454 1171 504 castra.

209 529 238 590 6
282 527 380 602 Idem
405 544 468 585 cum
491 526 632 587 adversus
646 526 897 588 Lacedaemonios
913 527 1045 605 pluribus
1064 528 1173 588 diebus

123 621 220 673 castra
242 612 400 672 comminus
422 611 562 687 haberet,
585 594 626 671 et'
640 619 762 689 utraque
783 629 852 690 pars
874 613 964 671 certis
984 612 1173 689 temporibus

122 697 241 757 adsidue
261 695 426 775 pabulatum
449 657 645 774 liguatquue
662 696 857 773 procederet,
880 696 1006 775 quodam
1026 696 1075 755 die
1097 697 1172 755 mill·

122 790 181 841 tum
209 779 307 841 habitu
333 795 438 838 servus
466 780 600 857 lixasque
621 779 727 840 dimisit
753 780 1171 856 6616611616,161111661611-

122 868 196 932 nuit;
224 872 252 923 et
284 881 349 922 cum
370 862 473 923 hostes
495 863 623 942 dispersi
644 872 746 924 esseut
767 864 804 924 ad
825 864 929 923 similia
950 882 1088 939 munera,
1118 884 1170 924 ex·

122 948 261 1027 pugnavit
281 955 376 1006 castra
398 962 498 1007 eorum
520 949 722 1026 inermesque,
746 967 811 1007 cum
830 948 979 1009 fasciculis
1001 950 1111 1027 passim
1134 949 1172 1009 ad

123 1032 272 1091 tumultum
292 1039 498 1106 recurrentes,
522 1032 609 1092 facile
632 1041 682 1091 aut
703 1033 810 1092 cecidit
828 1041 878 1091 aut
902 1034 991 1110 cepit.

208 1118 236 1176 7.
280 1114 429 1191 Virginius
451 1116 554 1176 consul
575 1118 603 1176 iu
620 1117 757 1192 Volscis,
782 1135 846 1176 cum
866 1132 1044 1195 procurrere
1064 1115 1171 1176 hostes

123 1200 232 1260 effusos
259 1218 298 1259 ex
320 1198 480 1277 longinquo
503 1199 642 1273 vidisset,
671 1201 829 1279 quiescere
858 1217 927 1260 suus
948 1219 984 1260 ac
1005 1200 1103 1260 delixa
1126 1210 1170 1259 te·

122 1303 194 1345 nere
222 1283 280 1362 pila
299 1284 398 1342 iussit:
427 1294 495 1344 tunc
524 1284 707 1345 anhelantem
730 1286 853 1362 integris
883 1284 995 1344 viribus
1018 1286 1170 1344 exercitus

121 1372 164 1429 sui
186 1368 345 1445 adgressus
366 1370 479 1427 avertit.

206 1450 237 1515 8.
279 1450 386 1511 Fabius
410 1452 567 1528 Maximus,
592 1469 651 1511 uon
674 1454 809 1529 ignarus,
838 1451 940 1512 Gallos
965 1461 997 1512 et
1022 1453 1170 1512 Samnites

122 1538 214 1616 primo
238 1538 345 1615 impetu
366 1537 557 1614 praevalere,
578 1554 695 1596 suorum
717 1546 814 1596 autem
834 1536 1030 1614 infatigabiles
1049 1537 1170 1614 spiritus

121 1624 197 1681 inter
218 1638 315 1679 moras
337 1619 506 1681 decertandi
523 1622 610 1680 etiam
627 1621 829 1696 incalescere,
852 1622 1003 1700 imperavit
1017 1620 1168 1694 militibus,

121 1706 249 1765 conteuti
277 1712 377 1763 esseut
405 1706 500 1781 primo
523 1722 687 1781 congressu
709 1706 870 1780 sustinere,
899 1714 930 1764 ut
951 1706 1065 1765 hostem
1086 1722 1170 1763 mora

120 1790 292 1889 fatigarent:
315 1774 392 1885 quod
414 1788 463 1847 ubi
485 1790 648 1864 successit,
677 1788 793 1849 admoto
819 1790 905 1849 etiam
925 1790 1073 1869 praesidio
1094 1790 1168 1863 suis,

121 1875 260 1951 inprims
281 1872 347 1930 acie
368 1872 510 1931 universis
519 1870 640 1931 11111166
661 1872 836 1952 obpressum
857 1874 929 1934 ludit
950 1875 1074 1933 hostem.

206 1957 235 2015 9
280 1951 430 2033 Philippus
453 1955 488 2015 ad
504 1954 713 2032 Chaeroniam,
735 1975 863 2033 memor,
888 1958 943 2018 sibi
959 1976 1027 2018 esse
1045 1958 1169 2018 militem

121 2039 210 2117 longo
235 2056 287 2097 usu
310 2037 457 2136 duratum,
479 2040 707 2101 Atheniensibus
725 2061 824 2103 acrem
843 2043 960 2121 quidem
976 2041 1058 2101 sed
1049 2060 1168 2101 11161161-

121 2128 237 2184 citatum
261 2132 291 2183 et
318 2123 427 2202 impetu
453 2135 559 2185 tantum
588 2127 762 2202 violentum,
790 2146 829 2186 ex
856 2127 993 2186 industria
1021 2127 1169 2205 proelium

120 2210 223 2277 traxit;
254 2224 381 2308 moxque
404 2210 608 2287 languentibus
637 2213 693 2270 iam
720 2211 963 2286 Atheniensibus,
992 2211 1168 2270 concitatius

122 2293 215 2353 intulit
238 2294 320 2370 sigua
344 2303 373 2353 et
395 2294 475 2371 ipsos
499 2294 615 2353 cecidit

208 2378 255 2442 10
303 2376 526 2462 Lacedaemonii
538 2376 730 2437 certioresab
743 2378 979 2458 exploratoribus
991 2379 1071 2453 facti,
1089 2378 1168 2437 1166·

120 2464 220 2521 6611166
248 2462 278 2519 in
300 2478 363 2519 eam
387 2454 534 2519 exarsisse
553 2460 680 2535 rabiem,
707 2470 738 2519 ut
761 2464 790 2521 in
814 2463 954 2541 proelium
978 2464 1168 2521 6616661116-

120 2544 264 2685 gibus1ac
285 2542 387 2603 liberis
411 2544 640 2620 descenderent,
663 2562 788 2621 pugnam
807 2548 989 2607 61616161661.
1045 2600 1048 2605 .

229 2623 336 2687 1.1G.
359 2624 470 2687 Caesar
496 2629 576 2688 hello
600 2629 694 2705 civili,
725 2649 790 2689 cum
820 2634 980 2691 exercitum
1004 2630 1115 2689 Afranii
1138 2641 1168 2691 et

120 2710 228 2769 Petreii
251 2711 498 2771 circumvallatum
520 2713 566 2772 siti
589 2722 722 2790 angeret,
739 2716 823 2793 isque
844 2715 882 2775 ob
899 2716 957 2775 boc
973 2724 1168 2793 exasperatus

120 2793 282 2855 interiectis
299 2794 430 2855 omnibus
446 2796 658 2875 impedimentis
674 2798 710 2857 ad
723 2816 848 2876 pugnam
862 2799 1079 2874 descendisset,
1097 2817 1167 2858 con-

120 2880 203 2938 tinuit
231 2896 318 2957 6666,
348 2880 500 2941 arbitratus
528 2882 652 2941 alienum
674 2883 850 2943 dimicationi
874 2894 1003 2963 tempus,
1034 2900 1092 2961 quo
1115 2883 1166 2942 ad·

120 2964 268 3023 versarios
290 2973 320 3023 et
340 2966 381 3024 ira
402 2974 430 3025 et
450 2965 618 3044 desperatio
637 2967 818 3027 incenderat.

207 3048 255 3108 12.
302 3045 355 3108 Cn.
379 3048 551 3128 Pompeius,
577 3049 737 3126 lugientem
761 3050 955 3110 Mithridatem
980 3053 1102 3129 cupiens
1130 3052 1166 3111 ad

119 3133 264 3209 proelium
290 3133 489 3211 compellere,
519 3133 611 3209 elegit
637 3143 753 3211 tempus
778 3135 955 3195 dimicationi
981 3143 1165 3209 nocturnum,

118 3224 150 3273 ut
172 3215 289 3274 adeunti
310 3234 343 3276 se
371 3216 552 3294 obponeret;
582 3226 670 3295 atque
695 3220 734 3278 ita
757 3228 950 3296 praeparatus
970 3219 1092 3278 subitam
1112 3218 1165 3277 bo·

120 3296 214 3356 stibus
234 3300 442 3359 necessitatem
462 3301 639 3360 decernendi
661 3303 769 3361 iniecit.
814 3303 972 3363 Praeterea
991 3304 1035 3362 616
1057 3304 1164 3361 cousti-

119 3380 172 3437 tuit
189 3381 300 3454 aciem,
321 3390 353 3440 ut
374 3381 559 3443 Ponticorum
582 3385 699 3462 quidem
721 3386 824 3444 oculos
849 3386 973 3446 adversa
992 3387 1059 3446 luna
1078 3404 1165 3464 prae·

119 3462 288 3541 stringeret,
299 3465 358 3524 suis
370 3475 463 3525 autem
476 3468 617 3528 illustrem
629 3478 658 3529 et
669 3470 856 3547 conspicuum
869 3470 1027 3548 praeberet
1038 3471 1164 3529 hostem.
