2475 3909
129 221 189 283 102
265 253 269 260 ·
460 233 537 283 SEX.
559 233 649 283 mm
669 233 840 284 libortum

127 389 176 451 via
197 387 313 464 Latina,
338 385 512 449 diverticulo
533 387 667 449 euntibus
687 385 723 448 ab
751 386 845 449 Roma
869 387 1043 449 dextrorsus
1070 389 1178 451 milium

127 490 266 556 passuum
287 473 390 548 duum,
409 473 530 532 alterius
549 489 643 551 aquae
663 475 800 552 proprias
819 474 899 532 vires
921 473 1047 551 collegit
1071 483 1101 535 et
1124 473 1178 534 'le-

129 557 217 640 pulae
237 559 331 618 rivum
349 558 514 635 intercepit.
558 555 733 638 Adquisitae
759 573 852 636 aquae
881 555 918 618 ab
947 558 1106 618 inventore
1127 575 1179 618 no·

128 660 196 703 men
216 641 310 702 lullae
325 641 421 701 datum
442 649 505 721 est,
528 641 567 702 ita
587 649 684 700 tamen
703 641 795 701 divisa
816 641 1007 718 erogatione,
1030 652 1065 703 ut
1080 659 1179 704 mane-

128 735 176 788 ret
205 725 339 804 Tepulae
369 725 540 803 appellatio.
584 723 696 784 lluotus
723 723 816 786 luliae
846 725 938 786 eiiicit
965 727 1178 805 longitudinem

128 826 265 892 paeonum
290 821 340 868 xv
363 809 471 867 milium
497 820 672 869 ccccxm
701 809 807 869 semis:
836 825 930 888 opere
958 828 1047 889 supra
1070 820 1178 872 terram

149 910 266 953 assuum
286 905 338 951 vn
354 891 480 952 milium:
503 911 542 951 ex
567 909 605 951 eo
626 893 654 951 in
674 894 814 972 proximis
832 893 912 952 urbis
932 893 1008 953 locis
1025 912 1042 955 a
1057 894 1116 955 vll
1129 896 1178 955 mi·

127 910 213 1038 bario
237 975 453 1037 substructione
474 993 612 1056 passuum
626 989 780 1045 Dxxv111;
804 977 919 1058 reliquo
939 994 1032 1057 opere
1057 988 1178 1039 arcuato

127 1075 265 1140 passuum
287 1073 324 1119 VI
344 1059 452 1120 milium
474 1073 671 1120 ccccuxxn.
713 1060 836 1121 Praeter
857 1069 945 1141 caput
966 1060 1061 1122 Iuliae
1084 1071 1177 1124 nans·

127 1143 190 1205 iluit
210 1160 302 1221 aqua,
325 1161 401 1222 quae
422 1153 546 1205 vocatur
564 1141 687 1210 Crabra.
730 1143 812 1205 llauc
832 1143 965 1225 Agrippa
990 1147 1101 1223 omisit,
1122 1165 1178 1206 sen

128 1229 196 1308 quia
216 1227 447 1307 improbaverat,
475 1229 538 1289 sive
560 1229 627 1306 quia
645 1225 817 1290 Tusculanis
838 1230 1067 1308 possessoribus
1086 1230 1177 1290 relin-

128 1312 272 1392 quendam
284 1311 438 1374 oredebat:
462 1329 498 1372 ea
512 1329 637 1391 namque
653 1321 714 1390 est,
734 1330 818 1393 mam
839 1329 940 1374 omnes
956 1313 1047 1374 villae
1066 1321 1178 1375 tractus

130 1399 194 1457 eins
216 1415 272 1477 per
289 1398 385 1456 vicem
408 1399 438 1456 in
457 1395 521 1456 dies
539 1396 734 1476 modulosque
755 1406 853 1458 certos
876 1397 1074 1477 dispensatam
1099 1400 1177 1459 acci-

128 1482 219 1562 piunt.
264 1481 325 1541 Sed
353 1496 414 1541 non
438 1480 541 1541 eadem
569 1479 769 1541 moderatione
796 1483 908 1560 aquarii
936 1483 1028 1541 nostri
1063 1491 1178 1561 partem

127 1565 275 1646 potiorem
296 1565 360 1625 eius
381 1581 500 1644 semper
524 1566 554 1624 in
575 1565 808 1644 supplementum
830 1563 921 1625 luliae
939 1563 1177 1634 vindicaverunt;

127 1666 186 1710 nec
206 1656 239 1708 ut
256 1647 357 1709 lulium
378 1657 535 1725 augerent,
553 1667 639 1728 qnam
657 1648 828 1710 hauriebant
843 1648 1016 1726 largiendo,
1037 1667 1177 1730 compen·

128 1732 169 1794 dii
191 1733 236 1793 sui
260 1733 367 1810 gratia.
411 1731 533 1793 Exclusi
558 1750 632 1810 ergo
653 1730 792 1794 Crabram
817 1742 847 1793 et
868 1742 958 1794 totam
979 1734 1062 1794 iussu
1079 1733 1177 1812 Impe-

127 1817 235 1878 ratoris
262 1815 376 1876 reddidi
396 1815 584 1884 Tusculanis;
612 1817 662 1897 qui
684 1835 759 1878 nunc
780 1817 902 1877 iorsitan
924 1834 981 1877 non
1005 1819 1069 1878 sine
1088 1819 1176 1878 admi·

127 1902 242 1962 ratione
257 1917 322 1959 eam
336 1908 469 1976 sumunt,
490 1900 601 1977 ignari,
618 1901 665 1960 cui
680 1919 786 1962 causae
806 1903 952 1962 insolitam
972 1901 1176 1964 abundantiam

128 1984 266 2046 debeant.
310 1981 383 2044 lulia
398 1992 494 2044 autem
513 1985 661 2045 revocatis
683 1983 926 2061 derivationibus,
950 2003 1006 2064 per
1020 2005 1095 2066 quas
1115 2005 1176 2046 sur·

128 2066 307 2147 repiebatur,
330 2069 446 2129 modum
470 2087 572 2146 suum,
597 2071 728 2148 quamvis
751 2068 871 2129 notabili
894 2071 1048 2146 siccitate,
1074 2087 1176 2130 serva·

125 2153 178 2214 vit.
222 2150 336 2212 Eodem
356 2170 432 2214 auno
454 2153 587 2233 Agrippa
604 2154 710 2213 ductus
731 2153 864 2232 Appiae,
882 2152 1020 2232 Anionis,
1044 2153 1175 2214 dlarciae

125 2255 223 2318 paene
239 2237 372 2318 dilapsos
393 2239 535 2314 restituit,
559 2247 589 2298 et
607 2238 747 2316 singulari
763 2254 833 2298 cura
855 2237 1054 2318 compluribus
1068 2238 1175 2300 salien-

127 2321 206 2383 tibus
227 2323 312 2401 aquis
333 2323 467 2381 instruxit
487 2321 600 2381 urbem.

215 2407 265 2466 iii.
302 2403 383 2464 ldem
403 2423 468 2464 cum
487 2405 543 2463 iam
565 2406 681 2465 tertium
700 2405 803 2466 consul
825 2406 940 2484 inisset,
963 2404 996 2466 Ο.
1010 2406 1126 2483 Sentio,
1139 2404 1175 2480 Q.

127 2487 264 2549 Lucretio
288 2487 475 2561 consulibus,
500 2497 569 2566 post
586 2505 690 2548 anuum
710 2490 825 2550 tertium
848 2490 1008 2566 decimum,
1029 2507 1117 2570 quam
1131 2489 1176 2549 ln·

127 2571 197 2630 liam
219 2570 400 2646 deduxerat,
422 2569 574 2647 Virginem
596 2588 714 2650 quoque
735 2574 764 2632 in
785 2591 858 2652 agro
880 2574 1039 2635 Lucullano
1063 2575 1177 2636 collec-

126 2661 186 2714 tam
207 2650 330 2712 Romam
351 2653 496 2732 perduxit.
541 2655 631 2732 Dies,
655 2673 713 2734 quo
728 2660 850 2736 primurn
870 2660 898 2718 iu
918 2657 992 2718 urbe
1011 2659 1178 2738 respoude-

126 2738 179 2813 rit,
210 2735 247 2796 V.
279 2735 348 2797 ldus
377 2736 472 2799 lunias
504 2738 659 2800 invenitur.
704 2740 795 2820 Virgo
822 2743 972 2821 appellata
1001 2751 1066 2819 est,
1097 2742 1178 2821 quod

126 2821 335 2902 quaerentibus
362 2839 467 2903 aquam
492 2823 631 2885 militibus
659 2823 758 2904 puella
780 2827 952 2902 virguncula
974 2844 1065 2887 venas
1090 2843 1178 2906 quas·

127 2907 193 2968 darn
213 2908 399 2967 monstravit:
425 2925 498 2986 quas
519 2910 631 2984 secuti,
660 2910 709 2986 qni
730 2908 883 2986 ioderant,
908 2911 1056 2988 ingentem
1078 2927 1177 2988 aquae

125 2991 242 3053 modum
269 2995 452 3052 invenerunt.
498 2991 642 3054 Aedicula
672 2992 746 3053 ionti
770 2992 904 3070 adposita
929 2993 1004 3055 hanc
1030 2994 1178 3070 originem

125 3077 241 3156 pictura
260 3076 397 3136 ostendit.
443 3072 615 3154 Concipitur
636 3093 709 3152 ergo
729 3077 776 3138 via
798 3073 941 3154 Collatia,
965 3077 1001 3137 ad
1020 3077 1178 3137 miliarium

127 3169 279 3235 octavum,
304 3157 482 3238 palustribus
511 3159 596 3218 locis.
642 3161 762 3237 Signino
786 3161 993 3236 circumiecto,
1022 3163 1178 3221 continen-

126 3241 225 3298 darum
244 3244 452 3318 scaturiginum
467 3259 574 3319 causa,
597 3243 749 3304 adiuvatur
762 3253 793 3303 et
815 3243 1014 3324 compluribus
1037 3245 1105 3304 aliis
1128 3243 1178 3305 ad·

127 3321 340 3392 quisitionibus.
385 3325 474 3384 Venit
500 3343 556 3403 per
581 3327 792 3403 longitudinem
819 3344 957 3405 passuum
982 3341 1045 3386 xlv
1066 3329 1178 3388 milium

127 3409 186 3454 ov:
214 3418 252 3457 ex
274 3419 310 3459 eo
332 3408 396 3464 rivo
418 3406 610 3467 subterraneo
634 3427 771 3485 passuum
792 3411 972 3470 x11milinm
992 3421 1178 3479 DcchXV;

128 3493 216 3552 supra
238 3487 345 3540 terram
368 3504 423 3561 per
444 3507 549 3564 passus
570 3503 705 3550 mccxc:
729 3509 768 3551 ex
793 3508 830 3552 eo
854 3493 1073 3555 substructione
1098 3497 1181 3575 rivo·¹
