2475 3909
138 217 176 284 ll
205 237 208 241 ·
471 230 545 281 snx.
568 230 657 281 suun
675 232 846 304 securam

136 400 234 471 patum
256 388 381 463 collem,
401 388 450 465 qul
472 396 540 448 erat
557 390 584 447 ln
606 390 788 467 propinquo,
816 388 961 448 modicam
980 404 1094 449 manum
1115 391 1180 449 mit·

137 484 227 549 teret,
251 490 343 551 seque
364 473 468 531 ducem
490 473 526 531 iis
548 474 596 551 qui
617 473 804 532 mittebantur
823 472 938 532 obtulit.
982 472 1136 533 buccatas
1150 476 1179 533 in

136 562 282 621 diversum
301 557 394 616 hostis
407 557 517 616 dimisit
538 557 705 633 consulem,
721 556 845 617 Decium
864 565 961 616 autem
983 557 1074 616 cinxit
1091 556 1180 617 obse·

137 645 246 721 diique.
291 641 359 701 lllas
373 657 490 718 qnoque
501 642 650 717 angustias
660 650 750 701 noctu
762 642 916 719 emptione
930 640 1008 700 lacta
1020 658 1085 700 cum
1097 641 1179 700 eluc-

137 737 214 788 tatus
234 734 316 785 esset
333 724 461 799 Decius,
481 724 635 783 incolumis
657 743 722 783 cum
742 725 880 784 militibus
904 724 1017 784 consuli
1039 727 1179 785 accessit.

224 811 273 868 15.
295 808 377 868 ldem
392 808 462 867 lecit
478 807 531 867 sub
545 806 636 868 Atilio
649 806 781 868 Calatino
796 809 919 868 consule
933 810 975 883 is,
992 811 1075 867 cuius
1095 810 1180 868 varic

136 894 257 954 traditur
271 908 392 951 nomen:
414 892 463 951 alii
478 891 648 967 Laberium,
667 892 796 952 nonnulli
812 891 848 966 Q.
862 890 1038 967 Caeditium,
1062 891 1180 970 plurimi

138 976 323 1055 Calpuminm
338 974 494 1037 Flammam
510 977 666 1035 vocitatum
683 978 873 1054 scripserunt.
916 975 971 1035 llic
987 992 1052 1035 cum
1073 975 1180 1035 demis·
1228 1053 1229 1056 Ἴ

138 1080 201 1121 sum
222 1062 250 1119 in
273 1078 336 1119 eam
355 1060 462 1127 vallem
478 1060 593 1119 videret
612 1062 787 1135 exercitum,
809 1062 891 1119 cuius
910 1060 1002 1119 latera
1021 1062 1117 1119 omnia
1132 1078 1180 1119 su·
1228 1073 1229 1076 ’

137 1147 255 1225 periura
277 1145 370 1203 bo'stis
394 1144 556 1219 insederat,
577 1144 755 1221 depoposcit
775 1153 806 1203 et
820 1146 1106 1223 accepittrecentos
1122 1145 1179 1202 ⁴⁴ml-

138 1230 221 1289 lites:
246 1246 320 1306 quos
344 1228 529 1303 adhortatus,
558 1229 598 1286 uti
626 1228 733 1287 virtute
755 1245 807 1287 sua
830 1226 992 1287 exercitum
1014 1236 1180 1301 servarent,

138 1316 167 1372 ln
189 1313 311 1372 mediam
329 1310 436 1371 vallem
459 1310 635 1371 decucurrit.
680 1310 718 1370 Et
738 1310 774 1371 ad
791 1312 999 1390 obprimendos
1021 1328 1073 1371 eos
1094 1312 1181 1370 undi-

139 1414 196 1475 que
225 1395 377 1456 descendit
405 1397 512 1463 hostis;
536 1394 687 1473 longoque
713 1405 743 1455 et
770 1412 878 1474 aspero
905 1395 1021 1474 proelio
1047 1403 1182 1454 retentus

139 1483 325 1541 occasionem
347 1478 460 1539 consuli
480 1478 515 1538 ad
537 1478 745 1539 extrahendum
767 1482 929 1540 exercitum
950 1479 1039 1542 dedit.

226 1565 274 1625 16.
298 1564 334 1637 Q.
357 1562 500 1623 Minucius
519 1563 622 1622 consul
642 1564 671 1621 in
687 1563 819 1639 liguria,
836 1564 963 1624 demisso
983 1564 1013 1621 in
1030 1562 1180 1639 angustias

139 1650 271 1709 exercitu
289 1666 353 1707 cum
369 1648 424 1707 iam
436 1646 567 1706 omnibus
583 1646 793 1707 obversaretur
808 1645 955 1707 Caudinae
973 1646 1066 1707 cladis
1080 1664 1181 1705 exem·

138 1735 233 1813 plum,
251 1731 392 1791 'Numidas
408 1731 581 1806 auxiliares,
598 1738 655 1789 tam
670 1742 794 1810 propter
813 1733 942 1810 ipsorum
958 1748 1044 1809 quam
1057 1740 1183 1809 propter

139 1834 280 1897 equorum
301 1816 512 1875 deformitatem
542 1816 766 1892 despiciendos,
790 1817 875 1874 iussit
896 1816 1067 1892 adequitare
1088 1815 1181 1875 lauci-

138 1900 192 1961 bus
215 1918 291 1979 quac
311 1899 493 1959 tenebantur.
539 1898 634 1959 Primo
654 1899 756 1958 intenti
774 1900 892 1975 bostes,
910 1901 936 1958 si
951 1899 1181 1973 lacesserentur,

141 1988 294 2045 stationem
317 1983 499 2043 obiecerunt.
543 1982 618 2042 Dein
641 1984 779 2044 industria
796 1982 937 2043 Numidae
959 1983 996 2042 ad
1016 1982 1183 2059 augendum

140 2071 184 2129 sui
204 2075 400 2146 contemptum
417 2066 476 2127 labi
497 2069 598 2145 equis,
618 2077 648 2127 ct
671 2085 725 2145 per
746 2066 898 2127 ludibrium
917 2067 1088 2144 spectaculo
1113 2084 1183 2125 esse

140 2152 370 2213 adfectaverant.
415 2150 461 2211 Ad
483 2153 642 2211 novitatem
663 2154 706 2211 rei
725 2153 829 2212 laxatis
847 2151 996 2210 ordinibus
1016 2150 1134 2210 barbari
1153 2152 1182 2208 in

140 2237 339 2313 spectaculum
362 2254 455 2315 usque
476 2235 599 2296 resoluti
626 2244 701 2299 sunt.
745 2234 830 2308 Quod
845 2235 895 2295 nbi
918 2235 1183 2295 animadverterunt

139 2320 297 2397 Numidae,
320 2321 468 2399 paullatim
489 2319 685 2379 succedentes
706 2320 810 2379 additis
832 2319 997 2380 calcaribus
1016 2337 1071 2396 per
1092 2319 1182 2379 inter-

140 2407 243 2465 missas
263 2405 388 2463 bostium
409 2404 550 2462 stationes
572 2412 747 2479 eruperunt:
769 2420 891 2482 quorum
907 2403 1012 2463 deinde
1031 2420 1097 2461 cum
1112 2419 1182 2481 pro-

139 2492 234 2549 ximos
252 2490 396 2547 irruerent
416 2504 521 2562 agros,
544 2503 671 2545 necesse
695 2486 848 2565 Liguribus
864 2488 918 2547 luit
934 2488 1054 2547 avocari
1074 2487 1112 2547 ad
1131 2486 1183 2547 de·

140 2571 285 2631 tendenda
306 2588 357 2630 sua
379 2571 567 2647 inclusosque
591 2568 738 2630 Romanos
758 2572 900 2634 emittere.

228 2657 276 2715 17.
299 2653 330 2713 L.
354 2654 450 2729 Sulla,
473 2652 553 2713 bello
577 2654 682 2713 sociali
703 2656 781 2733 apud
800 2655 973 2714 Aeserniam
994 2656 1070 2716 inter
1091 2672 1182 2731 angn-

143 2740 212 2799 stias
224 2738 441 2817 deprehensus,
455 2738 491 2797 ad
505 2740 667 2797 exercitum
684 2739 824 2814 bostium,
842 2742 887 2799 cui
900 2738 1017 2799 blutilus
1032 2748 1182 2817 praeerat,

142 2824 293 2901 colloquio
315 2824 407 2902 petito
431 2823 468 2882 dc
491 2820 704 2882 conditionibus
724 2824 808 2902 pacis
828 2822 957 2900 agitabat
977 2826 1040 2883 sine
1056 2823 1182 2883 ellectu:

140 2908 255 2968 bostem
275 2907 371 2967 tamen
389 2916 511 2986 propter
528 2908 659 2966 inducias
676 2907 855 2984 negligentia
874 2906 1034 2967 resolutum
1056 2906 1183 2966 animad-

141 3001 276 3069 vertens,
299 2998 387 3051 nocte
409 2992 561 3069 profectus
583 2991 924 3066 relicto‘buccinatore,
939 2993 988 3069 qui
1006 2990 1122 3069 vigilias
1146 2990 1182 3049 ad

142 3076 228 3135 lldem
249 3076 457 3135 remanentium
480 3074 624 3135 divideret
645 3084 676 3133 ct
695 3084 796 3153 quarta
815 3075 916 3152 uigilia
935 3076 1090 3135 commissa
1112 3089 1183 3132 con·

142 3168 331 3235 sequeretur,
351 3158 513 3218 incolumes
535 3174 606 3217 suos
635 3176 699 3219 cum
728 3158 861 3218 omnibus
889 3159 1103 3238 impedimentis
1122 3167 1183 3217 tor·

142 3244 304 3319 mentisque
327 3244 355 3302 in
378 3251 438 3303 tuta
461 3242 606 3321 perduxit.
1028 3311 1030 3315 ¹

230 3324 279 3388 18.
302 3325 399 3401 Idem,
430 3326 571 3385 adversus
597 3323 776 3385 Archelaum
796 3326 980 3404 praelectum
997 3324 1183 3399 blitbridatis,

142 3410 171 3467 in
191 3406 378 3487 Cappadocia
395 3409 545 3487 iniquitate
562 3408 695 3469 locorum
713 3418 742 3468 ct
759 3410 939 3469 multitudine
958 3409 1083 3469 bostium
1100 3426 1184 3487 pres·

144 3510 209 3569 sus,
238 3492 310 3552 iecit
338 3493 420 3571 pacis
446 3494 636 3562 mentionem3
672 3494 905 3573 interpositoque
933 3502 1067 3573 tempore
1096 3493 1186 3554 ctiam
