2475 3909
197 198 555 261 'srsnrsusunmcou
580 208 649 257 nus.
672 209 709 255 11.
730 204 806 255 cur.
828 207 889 256 vn.
912 206 988 257 vm.
1075 200 1116 263 53

59 367 206 447 pulisset,
238 380 409 443 quamquam
443 363 513 425 nihil
542 356 642 424 secum
673 360 821 441 praesidii
847 360 987 438 haberet,
1017 372 1117 447 coepit

59 453 177 528 siguum
196 449 275 509 soce
288 459 433 528 gestuque
456 450 526 509 dare
534 467 621 527 ,quo
641 450 792 509 videretur
804 447 1019 524 subsequentes
1050 470 1117 513 suo·

59 542 132 594 rum·
148 552 242 593 rraves
262 551 387 593 vocare:
411 550 505 612 eaque
525 533 751 593 adseveratione
773 535 889 594 hostem
905 537 1023 609 leuruit,
1046 545 1116 596 tam

61 637 149 697 quam
162 618 251 696 plane
269 610 552 696 adpropinquarent,
570 620 619 696 qui
637 620 719 695 quasi
735 637 773 677 ex
788 618 922 697 proximo
943 618 1114 679 citabantur.

63 702 182 778 Aetoli,
199 718 236 761 ne
249 700 373 761 adventu
387 698 536 761 Romanae
549 701 653 761 classis
665 701 916 780 obprimerestur,
936 702 1116 780 reliquerunt

64 787 327 865 obpugnationem.

460 898 515 961 CA
527 898 611 963 PUT
631 900 726 962 Vlll.

196 1016 245 1062 nu
266 1014 513 1063 nssmrusuns
533 1015 602 1064 ssu
622 1014 872 1065 conscensum
896 1016 988 1065 nors.

157 1119 184 1177 l.
208 1114 328 1177 Servius
349 1118 461 1179 Tullius
479 1119 657 1180 adolescens
680 1120 815 1198 proelio,
839 1137 897 1199 quo
919 1139 973 1180 rex
994 1120 1116 1200 Tarqui·

65 1206 133 1263 nius
155 1201 297 1261 adversus
317 1202 445 1263 Sabinos
467 1202 613 1278 condixit,
643 1203 792 1302 signiferis
819 1206 940 1282 segnius
958 1205 1116 1265 dimicanti·

65 1288 123 1347 bus
151 1294 263 1363 raptum
295 1288 408 1363 signum
434 1290 464 1347 in
485 1288 600 1347 hostem
621 1288 713 1355 misit;
741 1288 822 1346 cuius
843 1289 1005 1385 recipiendi
1022 1290 1116 1363 gratia

66 1370 193 1429 Romani
214 1371 251 1430 ita
275 1370 411 1430 ardenter
434 1379 655 1455 pugnaverunt,
678 1379 709 1428 ut
731 1378 762 1429 et
783 1372 896 1447 signum
915 1379 944 1431 ct
965 1372 1117 1430 victoriam

64 1454 233 1515 retulerint.
1135 1450 1140 1459 '

157 1537 185 1596 2
230 1537 334 1597 Furius
356 1537 488 1618 Agrippa
510 1536 631 1613 donem,
655 1536 779 1597 cedente
800 1553 908 1613 cornu,
931 1538 1043 1613 signum
1065 1538 1117 1595 mi-

68 1622 155 1682 litare
182 1632 315 1700 ereptum
336 1622 478 1699 signiieu
503 1622 532 1681 in
554 1622 659 1681 hostes
679 1620 808 1680 Volscos
831 1630 861 1681 et
881 1620 1004 1699 Aequos
1026 1621 1117 1687 misit;

65 1722 127 1783 quo
152 1705 232 1765 lacto
256 1708 318 1765 eius
341 1706 485 1783 proelium
509 1706 671 1765 restitutum
694 1714 755 1764 est:
783 1722 892 1765 summa
915 1706 991 1765 enim
1013 1705 1117 1764 alacri·

70 1798 130 1849 tate
153 1788 276 1849 Romani
298 1790 332 1849 ad
353 1790 554 1868 recipiendum
577 1791 690 1888 signum
710 1789 910 1850 incubuerunt

158 1874 188 1934 3.
234 1873 268 1933 Τ.
289 1871 440 1945 Quinctius
463 1874 566 1933 consul
587 1875 700 1950 signum
722 1875 751 1933 iu
772 1872 875 1935 hostes
885 1874 1014 1935 Volscos
1031 1873 1119 1933 eiecit

69 1958 238 2035 militesque
257 1957 286 2017 id
304 1967 444 2036 repetere
466 1958 656 2017 iussit..

157 2040 349 2101 4.Salvius
371 2041 509 2117 Pelignus
530 2040 612 2101 bello
636 2040 757 2099 Persico
779 2042 856 2100 idem
876 2041 957 2100 iecit.

158 2125 188 2185 5.
234 2122 272 2185 Μ.
294 2123 397 2187 Furius
419 2122 557 2185 Camillus
583 2123 713 2184 tribunus
740 2123 858 2183 militum
885 2124 1031 2183 consulari
1054 2133 1119 2203 pot-

72 2217 184 2284 estate,
208 2218 359 2269 cunctante
382 2210 532 2286 exercitu,
554 2209 706 2285 adreptum
726 2224 810 2266 manu
826 2206 996 2282 signiferum
1017 2207 1045 2263 iu
1067 2207 1118 2266 ho-

72 2303 134 2353 stes
151 2293 282 2353 Volscos
304 2302 334 2351 et
353 2292 471 2352 latinos
494 2292 596 2352 traxit:
620 2301 739 2351 ceteros
762 2290 864 2369 puduit
881 2306 938 2348 non
960 2290 1053 2365 sequi.

156 2378 188 2439 6.
233 2376 329 2451 ldem,
358 2394 464 2436 averso
490 2378 622 2436 exercitu
647 2394 712 2435 cum
735 2376 928 2449 occurrisset,
949 2372 1120 2447 adfirmavit,

71 2478 129 2521 non
157 2470 345 2539 recepturum
375 2478 408 2520 se
438 2454 467 2519 ll
496 2469 592 2520 castra
616 2477 789 2539 quemquam
810 2460 865 2519 nisi
884 2460 1043 2527 victorem3
1074 2475 1120 2516 re·

73 2546 232 2623 ductisque
256 2546 284 2603 in
307 2544 416 2620 aciem,
435 2546 558 2608 victoria
581 2550 691 2623 potitus
712 2553 767 2604 cst.

158 2630 190 2687 7.
235 2629 334 2706 Scipio
354 2628 431 2706 apud
448 2627 645 2704 Numantiam,
668 2646 731 2688 cum
752 2645 886 2688 aversum
907 2645 988 2686 suum
1006 2626 1122 2687 videret

73 2714 257 2787 exercitum,
284 2714 499 2790 pronuntiavit,
526 2729 580 2791 pro
608 2712 694 2773 lroste
717 2712 773 2771 sibi
794 2712 919 2773 futurum
941 2713 1072 2789 quisquis
1094 2713 1123 2769 in

73 2806 172 2857 castra
193 2796 328 2856 redisset.

160 2878 190 2940 8
235 2879 378 2940 Servilius
396 2877 514 2950 Priscus
532 2879 672 2952 dictator,
697 2892 760 2934 cum
781 2877 863 2952 signa
886 2875 1035 2950 legionum
1051 2877 1123 2934 ierri

71 2965 100 3023 in
131 2963 241 3023 hostes
267 2963 390 3041 Aequos
425 2964 577 3037 iussisset,
611 2958 780 3037 signiferum
815 2966 996 3018 cunctantem
1027 2958 1124 3017 occidi

72 3048 244 3127 imperavit:
271 3064 329 3127 quo
360 3047 499 3125 exemplo
527 3045 676 3125 perterriti
698 3043 790 3103 ceteri
813 3041 928 3101 hostem
945 3044 1122 3101 invaserunt.

159 3128 190 3191 9.
236 3130 409 3214 Tarquinius
432 3131 574 3190 advorsus
591 3129 716 3189 Sabinos
738 3134 909 3187 cunctantes
926 3128 1051 3205 equites,
1073 3125 1124 3185 de-

71 3214 185 3283 tractis,
199 3215 290 3274 irenis
312 3216 525 3292 concitatisque
552 3216 652 3293 equis,
681 3229 858 3292 procurrere
881 3218 912 3269 et
932 3228 1124 3290 perrumpere

72 3301 170 3360 aciem
193 3301 285 3359 iussit.

164 3386 217 3451 10.
260 3380 372 3443 Gossas
392 3380 547 3444 Cornelius
571 3381 712 3459 magister
734 3374 860 3459 equitum
881 3377 1023 3441 adversus
1040 3378 1125 3439 Fide·

74 3478 162 3529 nates
179 3468 258 3529 idem
274 3468 353 3529 iecit.
