2475 3909
270 234 614 287 suasanonmnuxoou
635 238 705 285 ma.
729 237 753 287 1.
778 239 854 289 cnr.
876 240 899 288 1.
1091 228 1110 285 ὁ

63 395 146 454 ducis
170 394 425 471 praesensissent,
449 392 664 470 profectionem
685 410 766 452 suam
784 410 874 452 censu
891 394 1023 454 obtenuit
1046 397 1112 456 Gai·

63 480 177 537 liarum.
224 476 327 537 Subito
347 476 480 535 hostibus
497 478 647 555 inopinato
666 476 748 537 bello
764 478 901 553 adfusus,
922 489 1043 539 contusa
1062 482 1111 539 im·

63 563 189 621 manium
212 560 324 621 ferocia
346 561 508 637 nationum,
530 561 690 639 provinciis
712 560 866 623 consuluit.

150 646 182 705 9.
208 642 346 704 Claudius
362 643 461 719 Nero,
484 662 549 703 cum
571 652 697 723 cuperet
716 642 930 705 Hasdrubalem
952 647 1113 724 copiasque

64 731 146 803 eius,
166 736 321 807 antequam
339 726 495 787 'Hannibali
516 728 599 787 fratri
629 729 838 805 iungerentur,
867 730 964 790 excidi
986 730 1112 789 ideirco·

66 832 122 891 que
142 813 296 872 festinaret
318 830 351 869 se
370 810 451 870 Livio
474 812 630 871 Salinatori
658 812 796 889 collegae
824 830 894 888 suo,
925 814 971 873 cui
1003 814 1112 873 beilum

65 896 230 956 mandatum
250 896 362 970 iuerat,
390 914 490 973 parurn
511 895 603 957 fidens
624 896 734 955 viribus
755 914 830 975 quae
853 897 906 957 sub
929 898 995 975 ipso
1018 907 1111 967 erant,

66 982 227 1057 adiungere
250 996 347 1057 neque
374 987 470 1038 tamen
497 978 659 1038 discessum
688 998 769 1039 suum
796 980 833 1040 ab
861 980 1036 1057 Hannibale,
1065 984 1112 1042 cui

67 1064 221 1142 obpositae
245 1071 324 1136 erat,
348 1063 448 1122 sentiri
470 1062 577 1131 vollet3
600 1063 706 1124 decem
724 1064 801 1125 milia
823 1064 1045 1125 fortissimorum
1060 1068 1111 1123 nri-

66 1147 147 1207 litum
158 1146 270 1223 delegit
282 1148 494 1225 praecepitque
510 1146 631 1223 legatis,
645 1165 720 1224 qnos
732 1148 932 1226 relinquebat,
944 1158 975 1207 ut
990 1150 1112 1209 eaedem

65 1233 211 1291 stationes
222 1230 398 1308 vigiliaeque
419 1240 592 1307 agerentur,
611 1231 732 1291 totidem
743 1233 827 1308 ignes
838 1234 976 1291 arderent
995 1234 1111 1292 eadem·

67 1332 126 1393 que
149 1314 244 1374 iacies
264 1322 425 1373 castrorum
441 1323 626 1389 servaretur,
650 1333 686 1373 ne
703 1316 771 1392 quid
784 1315 927 1375 Hannibal
946 1319 1111 1394 suspicatus

65 1400 195 1458 auderet
215 1398 351 1457 adversus
371 1398 547 1476 paucitatem
566 1397 748 1457 relictorum.
792 1396 864 1456 Gum
881 1399 986 1457 deinde
1004 1401 1031 1458 in
1044 1400 1112 1457 Um·

65 1484 132 1542 bria
156 1480 306 1540 occultatis
327 1481 477 1541 itineribus
502 1480 641 1557 collegae
662 1499 696 1539 se
718 1482 879 1554 iunxisset,
903 1482 994 1540 vetuit
1016 1492 1112 1541 castra

66 1566 218 1644 ampliari,
235 1582 271 1623 nc
287 1565 364 1643 quod
380 1566 493 1643 signum
509 1565 651 1624 adventus
666 1566 711 1623 sui
726 1561 826 1623 Poeno
848 1565 947 1638 dar'et,
967 1564 1111 1625 detracta·

64 1661 132 1709 turo
152 1663 297 1728 pugnam,
320 1652 344 1708 si
368 1650 518 1708 consulum
539 1650 652 1707 iunctas
672 1650 751 1707 vires
772 1648 977 1708 intellexisset.
1022 1648 1113 1725 lgitur

65 1735 189 1793 inscium
210 1732 363 1809 duplicatis
387 1733 546 1809 adgressus
563 1734 656 1809 copiis
675 1734 824 1810 superavit
838 1740 868 1791 et
886 1732 1020 1791 velocius
1036 1734 1113 1791 omni

64 1820 166 1877 nuntio
189 1817 277 1875 rediit
297 1818 331 1877 ad
348 1816 546 1876 Hannibalem.
591 1816 634 1876 lta
655 1832 694 1876 ex
715 1816 827 1877 duobus
845 1817 1040 1877 callidissimis
1061 1818 1112 1877 du·

66 1904 150 1962 cibus
172 1902 336 1961 Poenorum
359 1900 464 1960 eodem
483 1901 606 1960 coneilio
629 1901 751 1961 aiterum
770 1901 893 1978 celavit,
916 1902 1039 1962 alterurn
1060 1900 1111 1961 ob·

65 1988 185 2065 pressit.

157 2070 207 2129 to.
234 2067 449 2127 Themistocles
474 2069 632 2129 exhortans
659 2086 731 2129 suos
758 2071 793 2131 ad
823 2070 1006 2129 suscitandos
1030 2070 1111 2129 iesti-

66 2164 170 2213 nanter
191 2168 307 2226 muros,
331 2168 405 2229 quos
431 2156 511 2212 iussu
539 2152 835 2218 Lacedaemoniorum
863 2152 1046 2227 deiecerant,
1070 2155 1111 2212 le·

65 2240 143 2315 gatis
161 2236 382 2296 Lacedaemone
404 2240 515 2313 missis,
539 2239 587 2315 qui
604 2235 842 2314 interpellarent,
862 2237 1027 2313 respondit,
1042 2254 1112 2295 ven·

67 2333 163 2381 turum
187 2338 220 2379 se
244 2320 279 2379 ad
303 2318 465 2381 diluendam
487 2321 562 2380 hano
581 2320 837 2380 existimationem:
859 2326 890 2376 ct
910 2320 1046 2396 pervenit
1059 2318 1112 2378 La·

66 2407 289 2465 cedaernonem.
334 2404 377 2464 lbi
399 2402 533 2464 simulato
561 2404 666 2463 morbo
689 2403 866 2483 aliquantum
893 2403 1034 2481 temporis
1063 2420 1112 2461 ex·
1205 2408 1217 2421 ‘

66 2492 171 2556 traxit;
195 2498 224 2547 et
238 2498 392 2567 postquam
408 2489 554 2548 intellexit
569 2497 736 2567 suspectam
752 2505 820 2547 esse
839 2488 1114 2565 tergiversationem

67 2592 168 2649 suam,
188 2573 337 2631 contendit
357 2572 461 2631 falsum
482 2573 518 2632 ad
538 2590 591 2631 eos
610 2590 773 2648 rumorem,
795 2581 825 2631 et
838 2574 971 2651 rogavit,
998 2582 1029 2631 ut
1050 2574 1112 2631 rnit·

66 2666 166 2717 terent
187 2657 300 2734 aliquos
322 2674 360 2715 ex
380 2656 577 2735 principibus,
601 2657 707 2735 quibus
725 2656 880 2717 crederent
900 2658 937 2717 de
957 2658 1114 2716 munitione

68 2739 258 2801 Athenarum.
303 2741 369 2799 Suis
389 2740 495 2800 deinde
519 2740 592 2800 clam
611 2742 746 2819 scripsit,
769 2751 801 2800 ut
815 2757 876 2809 ‚eos
897 2743 946 2819 qui
964 2743 1114 2799 venissent

67 2826 246 2898 retinerent,
265 2824 360 2883 donec
372 2824 492 2883 reiectis
510 2824 649 2902 operibus
663 2826 853 2885 confiteretur
863 2825 1114 2896 Lacedaemoniis,

68 2910 194 2968 munitas
217 2926 285 2967 esse
309 2906 457 2983 Athenas,
484 2924 580 2986 neque
609 2908 695 2965 aliter
722 2902 872 2984 principes
894 2925 995 2965 eorum
1016 2908 1114 2965 redire

68 3008 180 3069 posse,
204 3010 286 3070 quam
309 2994 374 3070 ipse
396 2994 535 3051 remissus
557 2991 645 3049 ieret.
690 2986 775 3061 Quod
797 2988 885 3047 facile
906 2990 1128 3066 praestiterunt

68 3076 311 3151 Lacedaemonii,
333 3094 370 3135 ne
392 3078 475 3134 unius
497 3076 642 3134 interitum
657 3072 812 3132 multorum
829 3079 923 3129 morte
945 3080 1112 3148 pensarent.

157 3160 208 3219 11.
228 3160 259 3219 L.
274 3158 395 3234 Furius,
417 3161 549 3218 exercitu
569 3155 714 3235 producto
737 3156 768 3233 iq
785 3157 882 3215 locam
897 3154 1033 3234 iniquum,
1051 3173 1115 3214 cum

70 3244 271 3303 constituisset
293 3244 442 3303 occultare
472 3242 695 3301 sollicitudinem
717 3258 813 3315 suam,
841 3258 879 3299 ne
901 3240 1007 3318 reliqui
1024 3242 1114 3319 trepi-

69 3328 189 3403 darent,
202 3327 352 3405 paullatim
362 3344 396 3386 se
409 3326 577 3401 inflectens,
589 3335 733 3404 tamquam
746 3326 867 3385 circuitu
878 3326 988 3386 maiore
1001 3325 1115 3385 bostem

69 3412 285 3488 adgressurus,
310 3428 455 3469 converso
486 3411 617 3487 agmine,
647 3412 779 3487 ignarum
806 3410 849 3471 rei
877 3428 952 3489 quae
974 3410 1115 3487 agebatur

70 3496 233 3556 exereitum
253 3494 428 3555 incolumem
448 3496 572 3554 reduxit.
