2475 3909
142 196 182 259 48
476 210 552 260 surr.
575 208 664 260 mun
685 211 856 259 saonam

227 365 277 427 38.
324 365 357 427 (i.
377 364 498 445 Caesar,
520 369 580 426 suis
603 376 634 427 et
646 365 759 426 Afranii
781 366 885 425 castris
900 365 1062 428 contrarias
1083 376 1186 428 tenen·

141 452 217 514 tibus
236 453 394 533 planicies,
417 469 481 511 cnm
500 453 649 530 utriusque
668 452 759 530 partis
776 450 929 529 plurimum
943 452 1104 512 interesset
1125 454 1185 512 col·

140 534 185 597 les
205 540 357 617 proximos
379 552 541 613 occupare,
571 535 659 613 idque
688 543 811 614 propter
838 550 975 593 saxorum
996 537 1185 614 asperitatem

142 631 224 683 esset
258 621 395 695 dilliclle,
428 627 571 697 tamquam
599 618 724 679 Ilerdam
751 620 942 696 repetiturum
971 628 1052 680 retro
1081 638 1186 697 agmen

142 707 303 781 ordinavit,
335 705 460 764 faciente
484 704 581 781 inopia
613 704 699 763 iidem
720 702 920 769 destinationi;
949 704 1022 764 intra
1043 704 1184 763 brevissi·

141 806 216 851 mum
246 788 351 850 deinde
374 789 496 867 spatium
524 788 633 864 exiguo
656 788 776 847 circuitu
786 786 879 863 jlexit
899 797 1023 865 repente
1047 789 1084 848 ad
1104 805 1184 847 mon·

141 885 188 935 tes
209 872 407 952 occupandos.
453 870 518 944 Quo
538 873 601 931 visu
623 871 785 950 perturbati
801 869 966 948 Afraniani,
989 873 1070 932 velut
1089 874 1185 950 captis

142 959 262 1034 castris,
291 957 400 1035 stipsi
427 956 521 1015 effuso
549 974 638 1015 cursu
665 955 787 1014 eosdem
814 964 928 1015 montes
949 957 1080 1035 petiere:
1107 956 1184 1035 qnod

141 1043 266 1103 futurum
289 1060 352 1101 curn
380 1039 612 1119 praedivinasset
642 1038 768 1114 Caesar,
797 1040 899 1117 partim
931 1038 1062 1117 peditatu
1098 1059 1185 1118 quem

141 1128 350 1207 praemiserat,
380 1126 483 1203 partim
508 1123 544 1183 ab
569 1132 655 1201 tergo
684 1122 834 1183 submissis
857 1123 1019 1201 equitibus,
1039 1125 1185 1184 inordina·

142 1220 188 1273 ros
212 1219 257 1269 est
278 1209 406 1271 adortus.

227 1294 277 1355 39.
322 1293 465 1352 Antonius
487 1290 562 1371 apud
578 1290 684 1350 Forum
703 1290 868 1368 Gallorum,
890 1309 955 1351 cum
974 1292 1098 1352 Pansam
1116 1310 1185 1351 cou-

143 1380 236 1441 sulem
257 1378 413 1439 adventare
436 1377 646 1455 comperisset,
671 1376 781 1436 insidiis
798 1394 853 1454 per
872 1376 1019 1437 silvestria
1039 1377 1186 1436 Aemiliae

142 1467 207 1525 viae
238 1462 404 1542 dispositis,
435 1480 540 1539 agmen
571 1462 634 1519 eius
662 1462 781 1539 excepit
802 1460 950 1539 luditque,
981 1470 1011 1521 et
1032 1464 1129 1540 ipsum
1149 1480 1185 1519 eo

51 1615 57 1631 ι
143 1547 265 1608 vulnere
285 1547 409 1622 adiecit,
434 1563 492 1624 quc
510 1548 582 1605 intra
605 1561 717 1622 paucos
737 1545 801 1604 dies
823 1547 1066 1605 exanimaretur.-

227 1633 277 1692 40.
322 1631 391 1691 luba
415 1649 485 1705 rex,
510 1632 537 1687 in
560 1628 661 1687 Africa
684 1627 764 1687 bello
788 1628 882 1704 civili,
906 1628 1039 1689 Curionis
1062 1631 1186 1689 animum

142 1717 275 1777 simulato
302 1733 442 1792 regressu
467 1714 579 1791 impulit
603 1714 631 1770 in
663 1730 766 1771 vanam
790 1712 984 1773 alacritatem:
1015 1715 1186 1791 cuinsspei

140 1803 266 1859 vanitate
298 1799 439 1876 deceptus
461 1795 565 1871 Curio,
596 1795 663 1855 dum
689 1805 832 1875 tamquam
861 1797 1020 1873 lugientem
1043 1797 1187 1857 Saboranr

143 1886 255 1960 regium
278 1883 459 1960 praelectum
482 1880 685 1959 persequitur,
706 1881 824 1939 devenit
844 1882 872 1939 in
894 1890 1028 1959 patentes
1052 1900 1185 1959 campos,

142 1967 190 2026 ubi
203 1965 386 2027 Numidarum
400 1966 612 2023 circumventus
629 1966 768 2042 equitatu,
783 1965 897 2042 perdito
910 1967 1052 2040 exercita,
1067 1966 1186 2025 cecidit.

227 2051 279 2109 41.
324 2047 489 2109 Melanthus
520 2049 578 2109 dux
606 2047 843 2125 Atheniensium,
869 2066 933 2109 cum
958 2059 1139 2128 provocatus
1171 2070 1187 2109 a

142 2154 216 2213 rege
237 2134 372 2194 ·hostlum
393 2132 508 2194 Xantho
536 2132 660 2211 Boeotio
688 2133 893 2193 descendisset
918 2134 953 2193 ad
984 2138 1128 2212 pugnam,
1158 2143 1189 2192 ut

143 2222 264 2299 primum
288 2220 446 2279 comminus
477 2220 572 2294 stetit,
599 2216 717 2295 lnique,
745 2218 857 2295 inquit,
879 2217 1010 2294 Xanthi,
1032 2227 1063 2277 et
1084 2228 1189 2277 contra

143 2316 258 2384 pactum
287 2304 377 2372 iacis3
403 2304 545 2363 adversus
572 2300 667 2360 solum
695 2304 856 2361 enimcum
883 2302 976 2361 altero
1000 2303 1190 2382 processisti.

144 2390 275 2468 Cumque
299 2390 453 2450 admiratus
475 2386 540 2460 ille,
564 2386 694 2463 quisnam
711 2403 745 2444 se
764 2388 966 2463 comitaretur,
989 2389 1189 2465 respexisset,

143 2492 276 2532 aversum
299 2488 356 2530 uno
378 2472 437 2528 ictu
458 2467 595 2527 coniecit.

226 2555 277 2615 42.
321 2553 484 2631 lphicrates
506 2551 695 2612 Atheniensis
716 2554 751 2613 ad
775 2552 1008 2626 Cherronesum,
1038 2572 1106 2613 oum
1132 2556 1190 2613 sci-

141 2648 186 2699 ret
212 2637 507 2698 Lacedaemoniorum
535 2636 638 2696 dncem
668 2637 841 2698 Anaxibium
867 2641 1027 2699 exercitum
1053 2640 1191 2717 pedestri

141 2725 244 2782 itinere
268 2722 391 2796 ducere,
415 2722 604 2781 firmissimam
632 2740 743 2781 manum
760 2724 879 2783 militum
906 2724 1004 2783 eduxit
1026 2723 1191 2783 suavibus

143 2816 172 2867 et
192 2809 220 2866 in
242 2805 353 2865 insidiis
375 2805 555 2874 conlocavit;
579 2826 669 2866 naves
689 2816 785 2865 autern
804 2810 927 2867 omnium
947 2817 1092 2885 tamqnam
1117 2824 1190 2865 onu-

142 2902 202 2953 stas
231 2891 321 2951 milite
348 2891 444 2969 palam
471 2894 690 2969 transnavigare
716 2892 815 2951 iussit:
845 2894 884 2951 ita
911 2909 1035 2951 securos
1063 2900 1095 2950 et
1119 2891 1191 2950 nihil

141 2978 199 3038 tale
224 2984 430 3054 exspectantes
444 2974 692 3035 Lacedaemonios
714 2994 730 3038 a
749 2984 834 3052 tergo
851 2977 1010 3053 adgressus
1031 2976 1060 3034 in
1081 2977 1190 3035 itinere

142 3061 291 3141 obpressit
311 3060 452 3137 luditque,

227 3146 278 3206 43.
323 3143 454 3217 Liburni,
486 3160 550 3200 cum
575 3139 686 3201 vadosa
713 3142 780 3201 loca
810 3143 1013 3218 obsedissent,
1041 3142 1191 3220 capitibus

142 3238 250 3287 tantum
271 3226 463 3286 eminentibus
484 3224 569 3284 iidem
591 3225 724 3284 iecerunt
745 3226 823 3286 hosti
844 3226 894 3287 alti
914 3229 1018 3303 maris,
1044 3244 1081 3285 ac
1102 3227 1190 3285 trire-

142 3326 235 3382 mem,
258 3326 332 3385 quae
356 3326 408 3368 eos
430 3308 681 3387 persequebatur,
704 3309 880 3386 implicatam
900 3311 976 3370 vado
1001 3319 1159 3388 ceperunt.

227 3392 278 3447 44.
323 3390 492 3450 Alcibiades
521 3393 579 3452 dux
607 3392 828 3452 Atheniensium
855 3397 884 3452 in
911 3394 1110 3471 Hellesponto
1140 3394 1190 3452 ad·

143 3488 248 3529 versus
262 3469 419 3529 Mindarum
435 3472 730 3535 Lacedaemoniorum
743 3475 858 3552 ducem,
876 3494 939 3537 cum
958 3478 1085 3557 amplum
1102 3495 1191 3536 exer·
