2475 3909
139 226 180 291 32
471 238 548 289 aux.
565 240 656 289 sums
678 239 849 289 saonam

137 396 207 473 gilia
226 393 421 455 marcentibus
444 394 654 472 configerent,
678 395 747 455 loco
763 403 793 455 nt
814 395 949 455 voluerat
970 405 1049 473 arto,
1072 397 1104 457 in
1127 415 1185 476 quo

137 479 254 541 Xerxes
270 479 450 541 multitudiue
472 498 530 559 qua
550 479 719 559 praestabat
739 481 780 540 uti
800 496 859 539 nou
881 488 995 559 posset.
1109 480 1113 486 '

533 645 682 707 CAPUT
711 645 774 707 ΙΙΙ.

456 778 503 823 ou
529 776 611 824 nors
640 776 859 826 onnrusunn.

224 903 251 961 1.
296 898 349 959 fin.
374 898 474 976 Scipio
499 899 528 957 in
545 896 683 978 Hispania
697 899 841 959 adversus
857 898 1026 959 Hannonem
1044 899 1082 961 ad
1100 902 1184 979 oppi-

137 984 204 1045 dum
225 982 356 1044 lndiltilis
377 982 502 1061 (regis),
525 996 590 1042 cum
612 983 865 1043 animadvertisset
879 983 1013 1045 Punicam
1030 986 1129 1045 aciem
1147 988 1184 1045 ita

136 1069 294 1145 directam,
319 1077 350 1127 ut
376 1069 404 1126 in
426 1065 530 1128 dextro
554 1083 645 1127 cornu
665 1066 786 1146 Hispani
808 1070 1070 1144 constituerentur,
1095 1069 1184 1129 robu-

136 1161 198 1213 stus
217 1153 333 1231 quidem
353 1152 438 1211 miles
459 1150 512 1210 sed
538 1152 586 1229 qui
608 1151 732 1211 alienum
752 1154 903 1229 negotium
922 1160 1043 1229 egeret,
1063 1154 1095 1212 iu
1114 1154 1185 1213 sini·

136 1247 198 1296 stro
221 1245 317 1297 autem
338 1235 420 1311 llfri,
445 1234 530 1295 miles
553 1234 664 1295 viribus
686 1236 826 1296 infirmior
852 1236 907 1296 sed
933 1237 1018 1295 animi
1046 1246 1184 1297 constan-

136 1323 235 1397 tioris,
263 1320 386 1380 reducto
416 1320 535 1379 sinistro
563 1319 656 1380 latere
681 1337 815 1395 suorum,
843 1320 947 1379 dextro
970 1337 1079 1397 cornu,
1103 1322 1185 1399 quod

135 1405 321 1465 validissimis
338 1402 475 1464 militibus
491 1412 695 1480 exstruxerat,
711 1403 831 1483 obliqua
846 1406 911 1463 acie
929 1422 994 1465 cum
1009 1404 1097 1464 hoste
1112 1423 1184 1465 eon·

136 1489 223 1549 flixit:
250 1489 372 1565 deinde,
396 1489 469 1548 fusis
494 1487 662 1567 fugatisque
690 1487 786 1564 Afris,
815 1488 980 1565 llispanos,
1012 1490 1060 1565 qui
1084 1490 1114 1548 iu
1138 1508 1185 1549 re·

136 1592 223 1635 ccssu
247 1574 440 1653 spectantium
458 1588 540 1633 more
562 1580 718 1648 steterant,
745 1572 835 1633 facile
852 1573 882 1632 iu
902 1573 1081 1633 deditionem
1101 1591 1184 1634 com·

158 1658 218 1719 ulit.

136 1676 155 1737 p
220 1741 250 1801 2.
293 1741 443 1819 Philippus
465 1739 658 1801 Macedonum
677 1759 748 1816 rex,
770 1740 911 1800 adversus
930 1740 1048 1817 Illyrios
1071 1741 1182 1802 bellum

135 1844 260 1903 gerens,
290 1824 542 1903 utqanimadvertit
564 1825 688 1885 frontem
711 1824 836 1884 hostium
859 1826 993 1903 stipatam
1014 1826 1121 1888 electis
1145 1828 1183 1887 de

135 1918 198 1969 toto
222 1910 354 1969 exercitu
375 1909 463 1983 viris,
493 1907 585 1968 latera
607 1918 703 1968 autem
725 1909 900 1985 infirmiora,
923 1909 1090 1969 fortissimis
1112 1929 1182 1971 suo·

135 2012 197 2052 rum
219 1994 247 2051 in
275 1991 379 2051 dextro
403 2008 493 2052 cornu
519 1991 699 2068 conlocatis,
728 1994 874 2054 sinistrum
897 1993 972 2054 latus
991 1994 1118 2054 hostium
1141 1998 1183 2055 in·

134 2077 211 2137 vusit
229 2075 401 2155 turbataque
420 2084 481 2137 tota
504 2079 569 2137 acie
591 2079 743 2138 victorium
764 2076 942 2156 profligavit.

221 2160 250 2221 3.
296 2161 465 2221 Pammenes
477 2161 827 2241 Thebanus,‚eonspecta
838 2160 992 2222 Persarum
1003 2165 1085 2238 acie,
1104 2182 1183 2241 quae

135 2245 353 2308 robustissimus
375 2249 476 2325 copias
500 2248 528 2307 iu
551 2247 656 2307 dextro
679 2264 770 2305 cornu
790 2245 962 2306 conlocatas
983 2246 1123 2323 habebat,
1144 2250 1183 2306 si·

134 2332 194 2392 mili
217 2332 328 2391 ratione
356 2332 473 2410 etipse
502 2348 571 2390 suos
599 2331 743 2390 ordinavit
769 2346 943 2407 omnemque
971 2332 1132 2408 equitatum
1154 2342 1185 2391 et

134 2416 321 2476 fortissimum
345 2430 490 2491 quemque
514 2414 643 2491 peditum
664 2415 694 2472 iu
715 2413 821 2473 dextro
839 2431 946 2491 cornu,
969 2415 1183 2475 infirmissimos

134 2508 230 2560 autem
252 2506 353 2557 contra
375 2498 549 2556 fortissimos
572 2497 697 2557 hostium
716 2499 814 2575 posuit
835 2500 1064 2577 praecepitque,
1092 2510 1125 2561 ut
1147 2501 1185 2559 ad

134 2584 256 2661 primum
279 2582 416 2657 impetum
436 2596 537 2641 eorum
558 2581 613 2641 sibi
633 2582 704 2659 fuga
724 2579 914 2641 consulerent
932 2592 963 2643 et
982 2584 1011 2641 in
1032 2583 1184 2643 silvestria

135 2665 371 2742 confragosaque
385 2664 453 2724 loca
470 2684 503 2725 se
524 2666 704 2744 reciperent.
746 2664 790 2725 lta
809 2665 947 2727 frustrato
965 2666 1076 2726 robore
1094 2686 1184 2727 exer·

135 2752 226 2823 citus,
254 2750 318 2826 ipse
343 2751 452 2827 optima
478 2759 561 2829 parte
587 2751 691 2809 virium
712 2766 829 2809 suarum
851 2759 939 2810 totam
959 2752 1063 2811 circuit
1087 2754 1184 2811 aciem

135 2834 260 2893 hostium
283 2840 312 2893 et
334 2835 448 2893 avertit.
963 2826 967 2835 ’

219 2919 250 2978 4.
295 2918 326 2978 Ρ.
348 2916 504 2978 Cornelius
518 2918 636 2997 Scipio,
661 2918 708 2977 cui
730 2926 835 2996 postea
855 2916 997 2979 Africano
1016 2936 1183 2994 cognomen

135 3002 204 3078 fuit,
233 3003 374 3063 adversus
402 3002 613 3063 Hasdrubalem
646 3002 809 3062 Poenorum
845 3002 949 3062 ducem
979 3004 1009 3062 iu
1041 3001 1183 3081 llispauia

135 3086 245 3147 bellum
274 3105 397 3165 gerens,
427 3088 465 3147 ita
493 3104 549 3165 per
577 3088 730 3145 continuos
757 3086 822 3146 dies
851 3086 1014 3147 ordinatum
1042 3088 1183 3165 produxit

135 3174 313 3246 exercitum,
341 3179 372 3231 ut
388 3169 484 3230 media
506 3172 587 3230 acies
615 3169 781 3230 fortissimis
809 3169 987 3231 fundaretur.
1032 3171 1093 3231 Sed
1115 3189 1197 3239 eum,

135 3254 238 3311 hostes
268 3271 385 3333 quoque
414 3254 516 3313 eadem
539 3254 654 3314 ratione
680 3254 802 3314 adsidue
825 3255 949 3315 ordinati
969 3254 1182 3333 procederent,

134 3336 237 3411 Scipio
266 3353 302 3395 eo
324 3337 388 3412 die,
410 3354 468 3415 quo
490 3346 631 3397 statuerat
649 3337 829 3412 decernere,
852 3341 1040 3399 commutavit
1057 3340 1182 3398 instruc·

137 3418 223 3475 tionis
254 3418 401 3494 ordinem,
430 3429 459 3480 et
488 3421 669 3480 firmissimos
694 3420 801 3480 milites
824 3421 1003 3497 legionarios
1029 3422 1059 3481 iu
1083 3425 1183 3481 corni·

137 3499 191 3559 bus
215 3500 379 3562 conlocauit
407 3521 442 3563 ac
471 3503 567 3563 levem
586 3505 809 3565 armaturam‘in
827 3504 923 3567 media
949 3507 1034 3582 acie,
1058 3505 1113 3565 sed
1135 3524 1183 3564 re-
