2475 3909
207 222 553 273 sunsuscnusmoon
572 223 644 274 ms.
661 223 713 272 111.
737 225 813 274 cnr.
836 225 990 276 ιιι-ιιι.
1082 213 1123 276 73

166 377 196 438 3.
241 377 398 440 Venationi
431 395 549 457 quoque
578 388 609 439 et
637 378 796 459 pecoribus
825 382 940 459 quidam
975 383 1124 444 innuerunt

75 462 212 538 litteras,
235 463 411 523 membranis
432 462 591 523 mandatas.

165 549 197 606 4.
241 543 341 625 Aliqui
361 548 435 607 etin
449 548 640 608 iumentorum
661 563 795 608 aversam
812 556 925 626 partem
939 547 1123 626 iuiulsemnt,

74 629 146 688 dum
169 630 314 690 stationes
337 640 497 691 transeunt.

164 714 196 772 5.
240 712 379 774 Nonnulli
399 717 538 776 interiora
554 716 724 793 vaginarum
738 715 958 794 inscripserunt.

165 797 197 858 6.
239 797 270 857 l..
292 797 430 858 Lucullus
448 797 613 874 Cyzicenos
635 800 778 860 obsessos
801 799 995 861 ablitbridate
1012 808 1043 859 ut
1059 817 1122 860 oer-

75 882 173 941 tiores
201 880 344 942 adventus
366 885 411 943 sui
439 883 568 960 laceret,
597 902 661 945 cum
684 885 838 963 praesidiis
859 884 984 944 bostium
1007 892 1123 944 tenere·

72 974 123 1025 tur
142 967 279 1027 introitus
298 967 394 1044 urbis,
419 969 468 1048 qui
490 985 563 1027 unns
585 978 615 1029 et
636 977 776 1046 angustus
794 977 885 1048 ponte
906 969 1023 1029 modico
1045 969 1122 1028 insu·

73 1048 133 1108 lam
157 1051 318 1111 continenti
346 1053 453 1128 iungit,
482 1052 602 1112 militem
625 1070 642 1112 e
665 1055 724 1113 suis
745 1052 830 1113 nandi
850 1061 879 1112 et
897 1054 1030 1113 nauticae
1051 1054 1121 1113 artis

73 1134 204 1212 peritum
226 1133 326 1210 iussit,
351 1136 524 1195 insidentem
549 1135 663 1196 duobus
686 1136 792 1197 inflatis
814 1136 925 1197 utribus
947 1136 1059 1196 litteras
1080 1138 1121 1196 in·

76 1225 162 1276 sutas
178 1215 369 1295 habentibus,
393 1237 468 1297 quos
483 1219 519 1279 ab
534 1218 675 1279 inferiore
693 1229 773 1298 parte
790 1220 900 1282 duabus
920 1221 1031 1297 regulis
1046 1222 1122 1282 inter

72 1318 107 1360 se
138 1301 312 1361 distantibus
339 1304 545 1379 commiserat,
574 1304 617 1362 ire
646 1311 760 1380 septem
789 1304 868 1363 milia
899 1321 1035 1380 passuum
1064 1313 1120 1364 tra·

71 1385 199 1444 iectum.
241 1384 326 1458 Quod
347 1387 385 1446 ita
406 1389 500 1465 perite
522 1386 655 1464 gregalis
677 1385 758 1461 iecit,
781 1395 812 1445 ut
827 1385 957 1446 cruribus
973 1386 1054 1446 velut
1068 1406 1120 1465 gu·

71 1467 246 1528 bernaculis
273 1468 408 1529 demissis
435 1489 550 1530 cursum
568 1469 710 1546 dirigeret
731 1477 760 1529 et
783 1469 888 1548 procul
909 1470 1053 1546 visentes,
1073 1471 1121 1549 qui

72 1553 103 1612 in
125 1553 254 1612 statione
278 1562 376 1630 erant,
397 1556 524 1615 marinae
540 1556 643 1631 specie
665 1553 770 1613 beluae
792 1553 954 1632 deciperet.

86 1643 90 1648 '
165 1637 196 1695 7.
238 1635 347 1696 llirtius
370 1639 472 1698 consul
496 1638 532 1700 ad
547 1639 699 1698 Decimum
714 1636 848 1713 Brutum,
872 1638 920 1716 qui
941 1633 1068 1697 biblinae
1084 1636 1121 1697 ab

72 1719 206 1780 Antonio
229 1719 433 1799 obsidebatur,
460 1723 573 1784 litteras
596 1720 719 1783 subinde
746 1723 822 1780 misit
844 1720 963 1800 plumbo
984 1721 1120 1799 scriptas,

74 1803 185 1881 quibus
198 1804 236 1865 ad
253 1803 402 1867 brachium
417 1807 549 1886 religatis
572 1808 678 1868 milites
697 1806 884 1868 Scultennam
901 1821 1014 1866 amnem
1028 1813 1120 1865 tram·

74 1887 196 1948 nabunt.
925 1883 933 1898 '

163 1972 194 2032 8.
242 1970 322 2032 ldenr
359 1973 526 2049 columbis,
556 1991 628 2052 quas
662 1974 788 2035 inclusas
822 1982 890 2034 aute
925 1972 1057 2034 tenebris
1091 1983 1120 2032 et

73 2055 155 2118 lame
180 2054 348 2132 adiecerat,
371 2057 514 2136 epistolas
534 2067 598 2118 seta
618 2057 655 2118 ad
678 2058 784 2118 collum
804 2057 951 2136 religabat
971 2075 1081 2136 easque
1101 2073 1119 2118 a

74 2140 262 2218 propinquo,
290 2142 320 2200 in
348 2150 483 2218 qnantum
510 2150 644 2219 poterat,
673 2141 824 2201 moenibus
854 2143 923 2202 loco
958 2140 1117 2202 amittebat.

73 2222 149 2283 lllae
171 2222 247 2283 lucis
268 2224 384 2302 cibique
405 2225 508 2285 avidae
530 2225 671 2285 altissima
693 2225 891 2284 aedificiorum
909 2233 1045 2302 petentes
1068 2243 1118 2284 ex-

75 2308 263 2386 cipiebantur
281 2326 298 2369 a
318 2308 425 2385 Bmto,
455 2310 503 2387 qui
525 2326 561 2368 eo
580 2309 668 2368 modo
690 2308 727 2369 de
748 2308 879 2368 omnibus
900 2307 991 2366 rebus
1010 2307 1119 2367 certior

74 2390 183 2468 fiebat,
207 2392 307 2471 utiquc
327 2402 498 2471 postquam,
517 2393 661 2471 disposito
682 2392 852 2471 quibusdam
867 2391 942 2452 locis
961 2390 1045 2466 cibo,
1069 2406 1118 2450 co·

74 2474 193 2536 lnmbas
216 2476 287 2536 illuc
308 2477 450 2538 desolare
467 2477 640 2538 instituerat.

475 2642 623 2706 CAPUT
643 2643 734 2706 XlV.

164 2775 212 2822 DE
233 2775 519 2826 INTRODUOENDIS
540 2774 695 2822 numus
715 2775 761 2822 ΕΤ
785 2775 1034 2826 commutamus

470 2857 726 2908 SUGGERENDIS.

166 2982 194 3041 l.
238 2981 323 3041 Rello
344 2981 439 3057 civili,
462 2998 527 3040 cum
548 2978 665 3055 Ategua
683 2975 753 3036 urbs
771 2977 800 3035 in
814 2976 953 3054 Hispania
968 2977 1119 3057 Pompeia-

74 3083 177 3126 namm
204 3067 328 3144 partium
356 3064 558 3139 obsideretur,
587 3061 730 3123 blnnatius
760 3061 874 3121 interim
896 3063 1027 3134 tessera,
1049 3070 1154 3138 tam,

77 3167 162 3228 quam
181 3147 392 3225 Caesarianus,
415 3148 521 3209 tribuni
537 3147 764 3222 cornicularius,
787 3145 893 3222 vigiles
909 3145 1050 3222 quosdam
1069 3163 1121 3204 ex·

76 3236 194 3303 citarit;
224 3253 263 3294 ex
291 3233 397 3312 quibus
419 3233 533 3311 aliquos
556 3233 684 3306 evitans,
712 3231 872 3304 constantia
894 3227 1031 3288 fallaciae
1049 3247 1120 3290 suae

74 3335 132 3397 per
154 3318 266 3378 medias
293 3316 430 3378 Caesaris
456 3317 559 3394 copias
587 3315 765 3393 praesidium
793 3313 923 3392 Pompeii
950 3313 1121 3376 transduxit.

162 3399 193 3460 2.
229 3399 392 3462 llanuibale
406 3399 560 3460 obsidente
574 3397 747 3474 casilinum,
764 3397 886 3458 Romani
900 3397 1020 3458 larinum
1035 3397 1121 3460 doliis

76 3483 207 3547 secunda
233 3502 310 3564 aqua
335 3484 472 3546 Volturni
498 3483 621 3545 bominis
649 3481 853 3560 demittebant,
877 3491 908 3542 ut
930 3481 966 3543 ab
988 3481 1121 3544 obsessis
