2475 3909
199 186 248 232 nn
270 185 391 246 nouas
415 185 590 236 oucmaus
612 189 715 238 came
738 189 859 240 acuas
881 193 996 244 nrnsn.
1060 183 1120 247 toa

67 339 208 401 vicenum
239 358 295 420 per
323 357 426 400 ornnes
455 341 591 403 modulos
618 343 658 403 ita
680 361 713 404 se
736 344 844 424 babet,
871 355 904 407 ut
925 349 1117 420 ostendimus;

70 435 101 485 et
125 427 206 484 omni
229 443 342 502 genere
365 427 434 484 inita
458 435 574 487 constat
595 427 671 488 sibi:
694 432 831 490 convenit
853 441 968 492 etcum
992 433 1036 492 bis
1058 451 1118 494 mo·

69 509 169 584 dulis,
197 511 249 587 qui
280 510 309 567 in
334 511 549 569 commentariis
570 512 753 572 invictissimi
780 523 810 574 et
833 516 955 593 piissimi
976 517 1119 596 Principis

67 595 163 672 positi
188 603 218 652 et
239 593 402 652 confirmati
432 603 507 653 suut.
551 597 623 654 Sive
650 597 748 675 itaque
774 599 850 658 ratio
873 601 936 659 sive
958 603 1118 662 auctoritas

69 677 225 756 sequenda
255 685 318 753 est,
346 685 472 756 utroque
501 681 773 740 commentariorum
803 683 913 743 moduli
936 686 1118 762 praevalent.

68 761 133 822 Sed
158 763 270 840 aquarii
298 778 364 820 cum
393 761 565 822 manifestae
591 765 696 824 rationi
722 767 751 824 in
772 767 904 846 pluribus
922 771 1117 845 consentiant,

68 848 100 905 in
127 854 266 924 quattuor
290 845 416 905 modulis
436 857 633 924 novaverant,
662 848 839 910 duodenaria
866 860 895 910 et
915 854 1062 914 vicenario
1087 863 1118 914 et

69 932 242 990 centenaria
266 927 471 990 et'centennm
490 933 634 995 vicenum.
678 933 762 1014 (32.)
784 934 822 994 itt
839 936 1035 997 duodenariae
1055 941 1116 1017 qui·

68 1015 139 1074 dem
160 1031 217 1073 nec
238 1031 360 1090 magnus
381 1033 466 1074 error
490 1033 547 1075 nec
567 1033 636 1075 usus
658 1016 796 1096 frequens
819 1029 880 1079 est:
904 1023 985 1081 cuius
1008 1023 1116 1082 diame-

66 1108 116 1157 tro
138 1098 312 1159 adiecerunt
329 1098 411 1176 digiti
432 1102 628 1175 semunciam,
655 1103 815 1179 sicilicum,
838 1106 994 1183 capacitati
1017 1109 1115 1184 quina·

67 1184 133 1242 riae
158 1183 356 1260 quadrantem.
400 1183 432 1243 ln
454 1184 575 1262 reliquis
601 1194 696 1244 autern
717 1186 808 1245 tribus
831 1189 954 1248 modulis
977 1190 1043 1266 plus
1064 1191 1114 1250 de·

66 1266 272 1346 prehenditur.
313 1265 499 1328 vicenariam
526 1269 709 1346 eriguiorem
733 1269 843 1328 iaciunt
866 1270 1006 1330 diametro
1034 1274 1114 1348 digiti

67 1350 217 1425 semisse,
241 1353 401 1429 capacitate
419 1353 558 1430 quinariis
574 1352 666 1411 tribus
690 1361 719 1411 et
741 1354 904 1412 semuncia:
923 1370 982 1430 quo
997 1355 1114 1414 modulo

67 1435 248 1513 plenumque
263 1445 410 1511 erogatur.
456 1433 631 1496 centenaria
651 1443 746 1496 autem
760 1443 789 1494 et
801 1445 953 1494 centenum
970 1439 1114 1513 vicenum,

67 1518 178 1597 quibus
199 1518 318 1579 adsidue
334 1521 496 1598 accipiunt,
520 1537 578 1578 non
593 1522 770 1594 minuuntur,
790 1521 843 1579 sed
862 1529 1011 1596 augentur.
1047 1521 1114 1581 Dia·

66 1611 166 1662 metro
191 1604 266 1662 enim
284 1605 469 1664 centenariae
488 1604 614 1664 adiciunt
636 1604 717 1680 digiti
739 1603 856 1663 bessem
875 1613 905 1664 et
926 1607 1113 1680 semunciam,

68 1687 226 1764 capacitati
245 1688 391 1765 quinarias
413 1689 528 1764 decem,
551 1689 720 1768 semissem,
743 1688 936 1765 semunciam,
961 1688 1113 1748 sicilicum.

67 1769 234 1830 centenum
251 1774 385 1831 vicenum
401 1772 544 1832 diametro
563 1772 689 1832 adiciunt
701 1771 809 1848 digitos
826 1781 907 1849 tres,
930 1781 1114 1852 septuncem,

68 1858 266 1931 semunciam,
296 1856 451 1934 capacitati
469 1858 614 1934 quinarias
637 1869 724 1932 va,
748 1856 937 1933 dodrantem,
961 1857 1112 1917 sicilicum.

67 1938 155 2020 (33.)
183 1939 245 2014 ita,
274 1940 340 2000 dum
361 1949 410 1999 aut
430 1941 614 2016 vicenariae,
639 1959 696 2018 qua
717 1941 839 2002 subinde
861 1951 999 2020 erogant,
1018 1941 1113 2002 detra·

66 2024 155 2099 bunt,
186 2033 235 2084 aut
258 2026 444 2084 centenariae
464 2033 505 2104 et,
517 2034 671 2085 centenum
689 2026 824 2084 vicenum
844 2027 985 2104 adiciunt,
1009 2025 1114 2105 quibus

66 2125 190 2186 semper
210 2110 373 2186 accipiunt,
393 2110 613 2186 intercipiuntur
629 2109 658 2166 in
678 2111 846 2168 centenaria
862 2112 1010 2187 quinariae
1028 2123 1112 2186 xxv,

66 2193 211 2267 dextans,
240 2193 370 2268 sextula,
402 2195 431 2252 in
462 2203 616 2252 centenum
637 2192 771 2250 vicenum
796 2195 944 2271 quinariae
966 2206 1112 2266 LXXXIV,

64 2277 173 2351 uncia,
203 2277 343 2336 sicilicus.
389 2276 475 2350 Quod
498 2295 561 2336 cum
582 2277 696 2336 ratione
719 2275 913 2354 adprobatur,
938 2293 971 2335 re
994 2293 1113 2354 quoque

66 2363 133 2439 ipsa
157 2361 340 2420 manifestum
363 2369 418 2421 est.
449 2361 536 2420 ‘Nam
557 2378 611 2440 pro
633 2361 796 2438 vicenalia,
817 2377 901 2439 quam
924 2358 1036 2419 Caesar
1057 2376 1112 2437 pro

65 2446 209 2524 quinariis
237 2446 367 2507 sedecim
391 2446 540 2522 adsignat,
568 2463 626 2505 uon
652 2445 718 2524 plus
746 2454 886 2523 erogant,
911 2461 995 2523 quam
1016 2445 1112 2504 trede-

65 2531 139 2597 cim;
165 2538 195 2588 et
215 2547 254 2588 ex
269 2531 452 2605 centenaria,
474 2548 560 2607 quam
577 2530 802 2609 ampliaverunt,
824 2547 918 2609 aeque
933 2538 1042 2588 certum
1056 2537 1113 2603 est,

63 2614 136 2673 illos
165 2631 226 2673 non
256 2631 382 2690 erogare
408 2615 463 2673 nisi
489 2615 525 2674 ad
553 2617 691 2675 artiorem
718 2633 882 2675 numerum:
913 2615 980 2692 quia
1003 2611 1114 2674 Caesar

63 2697 229 2757 seeundum
247 2715 317 2757 suos
336 2701 575 2774 commentarios,
596 2716 659 2757 cum
676 2715 714 2755 ex
737 2714 850 2774 quaque
873 2701 1040 2758 centenaria
1063 2716 1113 2756 ex·

62 2782 161 2861 plevit
179 2783 325 2860 quinarias
343 2793 471 2857 LXXXI,
493 2784 662 2861 semissem,
681 2781 747 2837 item
766 2797 804 2838 ex
817 2789 969 2839 centenum
980 2783 1114 2839 vicenum

64 2867 217 2944 quinarias
245 2877 343 2925 xcvn
367 2875 399 2926 et
425 2866 613 2940 dodrantem,
641 2871 786 2940 tamquam
817 2863 959 2921 exhausto
983 2863 1113 2936 modulo,

65 2951 177 3010 desinit
199 2949 384 3010 distribuere.

155 3032 207 3104 34.
250 3033 282 3092 ln
303 3053 412 3094 summa
438 3032 546 3092 moduli
574 3041 640 3092 suut
668 3043 751 3092 xxv.
796 3028 903 3088 Omnes
930 3030 1115 3088 consentiunt

65 3127 97 3179 et
118 3120 227 3178 rationi
246 3127 275 3178 et
287 3119 524 3193 commentariis,
545 3118 681 3195 exceptis
697 3116 740 3176 his
762 3123 912 3193 quattuor,
938 3130 1011 3190 quos
1028 3130 1115 3190 aqua·

65 3204 101 3262 rii
135 3213 329 3276 novaverant.
381 3202 481 3262 Omnia
509 3211 622 3276 autem,
655 3219 730 3279 quae
758 3215 893 3258 mensura
921 3199 1113 3273 eontinentur,

66 3296 150 3346 certa
181 3297 211 3346 et
239 3288 397 3348 immobilia
426 3303 593 3362 congruere
616 3284 671 3343 sibi
695 3285 818 3345 debent:
847 3284 886 3342 ita
909 3284 1032 3342 enimet
1054 3284 1114 3341 uni·

63 3373 201 3430 versitati
221 3373 297 3431 ratio
309 3371 474 3432 constabit.
519 3369 556 3428 Et
575 3369 814 3447 quemadmodum
831 3366 914 3426 verbi
933 3369 1025 3445 gratia
1047 3387 1114 3428 sex·

64 3457 132 3515 tarii
151 3457 229 3515 ratio
252 3455 288 3515 ad
311 3457 451 3531 cyathos,
474 3454 562 3514 modii
584 3469 656 3513 vero
676 3463 705 3512 et
724 3454 759 3513 ad
777 3453 922 3512 sextarios
943 3463 972 3512 et
991 3453 1026 3512 ad
1048 3472 1114 3526 cya-
