2475 3909
189 238 239 286 nu
260 238 378 299 nonan
399 239 573 288 nucrlnus
595 241 697 292 uanus
721 241 843 290 nonan
864 241 980 290 nrnnu.
1047 230 1108 294 127

48 395 147 454 detur
174 392 358 469 admovisse,
390 401 545 472 postquam
577 395 721 456 Anionem
754 395 869 457 Novum
902 405 932 457 et
958 395 1106 460 Claudiam

48 477 179 538 induxit.
225 476 303 551 Quid
324 479 470 537 continent
494 479 636 556 epistola,
667 481 761 541 vilicis
782 481 845 540 fieri
868 498 986 560 quoqne
1009 493 1107 542 notum

49 563 165 638 debet,
194 579 231 620 ne
261 560 376 640 qnando
403 562 619 639 neglegentiam
642 574 690 624 aut
711 564 841 624 fraudem
866 583 947 625 suam
971 568 1106 643 ignoran-

50 648 116 706 tiae
145 646 248 706 colore
268 645 433 706 defendant.
477 646 654 707 Procurator
675 649 798 708 calicem
819 651 881 708 eius
903 650 1029 727 moduli,
1057 651 1107 728 qui

50 731 149 792 fuerit
170 731 357 808 impetratur,
389 729 525 790 adhibitis
545 731 732 792 libratoribus
754 734 864 809 signari
886 735 1014 810 cogitet,
1043 734 1106 794 diii·

52 822 164 892 gentcr
182 814 311 874 intendat
329 831 544 890 mensurarum,
572 833 645 894 quas
665 833 754 894 supra
772 817 912 894 diximus,
939 820 1055 879 modum
1077 827 1107 878 et

53 916 159 958 earum
185 898 317 957 notitiam
338 897 461 957 habeat:
489 917 527 958 ne
552 899 590 958 sit
610 901 639 959 iu
661 899 782 960 arbitrio
804 901 989 979 libraturum,
1017 903 1105 962 inter·

53 982 125 1043 dum
145 983 264 1042 maioris
281 981 394 1042 luminis
409 982 552 1042 interdum
566 985 703 1062 minoris,
728 1002 781 1064 pro
796 987 889 1063 gratia
903 1003 1104 1066 personarum,

52 1067 182 1126 calicem
201 1065 339 1146 probare.
384 1067 445 1126 Sed
466 1084 524 1126 nec
543 1070 640 1128 statim
660 1068 696 1129 ab
718 1069 776 1138 hoc
797 1070 921 1131 liberum
943 1071 1106 1132 subiciendi

53 1151 300 1229 qualemcumque
326 1150 490 1229 plumbeam
512 1151 636 1212 dstnlam
656 1155 836 1231 permittatur
858 1155 1023 1232 arbitrium,
1052 1174 1105 1215 ve-

53 1254 121 1296 rum
148 1235 279 1294 eiusdem
305 1235 435 1310 luminis,
469 1253 527 1313 quo
560 1236 638 1297 calix
670 1239 800 1314 signatus
832 1248 894 1314 est,
927 1257 982 1318 per
1012 1240 1105 1319 pedes

53 1320 283 1397 quinquaginta,
311 1321 388 1379 sicut
415 1327 534 1380 senatus
563 1321 717 1396 consulto,
746 1320 825 1400 quod
854 1321 1016 1383 subiectum
1046 1331 1103 1398 cst,

55 1412 192 1463 cavetur.

147 1487 217 1547 106.
261 1500 358 1559 ouon
393 1501 427 1560 o.
458 1501 584 1548 necrus
617 1499 774 1566 nunnno,
814 1500 947 1548 rannus
978 1501 1103 1550 unctus

52 1570 219 1631 nnxnnus
251 1584 345 1632 coss.
375 1584 409 1631 v.
424 1586 474 1652 m,
513 1583 682 1644 ouosnnu
718 1583 891 1632 Pnrvnros
926 1585 974 1632 rex
1010 1586 1103 1634 nrvrs

53 1668 217 1716 Pussfflcls
237 1669 360 1728 nouam
374 1668 531 1735 nocuus,
553 1669 587 1728 Q.
599 1670 635 1716 Ι).
648 1669 681 1716 Ε.
693 1670 726 1716 R.
739 1668 771 1716 F.
783 1670 814 1715 Ρ.
830 1669 866 1716 D.
876 1669 909 1716 Ε.
922 1670 954 1716 Β.
967 1671 991 1715 1.
1005 1669 1035 1717 ο.
1056 1671 1104 1718 uu

53 1753 112 1799 cul
125 1753 282 1800 Palvaro
297 1753 421 1812 nouam
435 1753 575 1800 occultu
590 1753 638 1800 ux
652 1751 743 1801 mvls
760 1752 921 1800 Pussnwls
936 1753 1102 1802 LICERET:

52 1837 188 1896 UTIQUE
211 1837 327 1885 OMNES
350 1838 394 1905 11,
417 1835 543 1897 QUIBUS
564 1837 682 1896 AQUAE
705 1836 896 1886 DUCENDAE
918 1836 974 1884 IUS
997 1837 1104 1886 ESSET

52 1921 190 1986 DATUM,
208 1921 256 1967 EX
268 1921 457 1970 CASTELLIS
468 1921 666 1988 DUGERENT,
683 1922 1103 1982 ANIMADVERTERENTQUE

55 2004 261 2052 cuasuouus
277 2005 463 2072 AQUARUM,
480 2005 606 2064 QUIBUS
620 2005 722 2053 nocis
734 2006 842 2052 INTRA
853 2006 971 2054 Exulat
982 2007 1103 2055 uanum

53 2089 351 2137 crumenarum
378 2091 522 2137 Pulvn'rl
548 2089 685 2136 uacuum
707 2071 878 2155 Possuni,
905 2091 953 2137 ux
976 2091 1102 2150 QUIBUS

54 2173 179 2233 AQUAM
218 2175 406 2222 Documenta*
418 2207 428 2241 ,
471 2174 570 2233 QUAM
603 2173 652 2222 EX
687 2171 868 2220 GASTELLO
904 2173 1104 2224 COMMUNEM

55 2256 291 2306 ACCEPISSENT
304 2259 328 2305 Δ
343 2257 585 2306 GURATORIBUS
601 2256 787 2315 AQUARUM:
811 2257 882 2304 NEU
898 2256 955 2304 GUI
970 2259 1103 2326 EORUM,

55 2341 183 2400 QUIBUS
221 2343 317 2403 thJn
353 2341 518 2389 DARETUR
557 2339 709 2387 PUBLICA
721 2373 730 2406 ,
768 2340 823 2388 IUS
855 2340 962 2388 ESSET
995 2344 1103 2390 INTRA

55 2413 323 2485 admoncantur
349 2426 461 2474 eunus
489 2425 568 2472 uma
596 2424 783 2491 cnsnnnnr,
815 2425 862 2472 nx
887 2425 957 2484 Quo
979 2426 1103 2487 nouam

54 2508 258 2576 Ducentem,
287 2510 474 2559 Lnxloaunr
494 2509 672 2558 ulsuunnrn
694 2508 878 2574 scolounta,
906 2511 1004 2570 QUAM
1028 2511 1101 2571 QUI-

54 2594 201 2643 Naulnnt.
222 2615 268 2627 -
287 2583 320 2643 ln
340 2583 399 2642 hoc
421 2591 540 2642 senatus
560 2581 695 2640 consulto
711 2581 827 2658 dignum
843 2582 1029 2644 adnotatione
1046 2593 1102 2659 est,

55 2665 133 2743 quod
157 2683 262 2744 aquarn
283 2685 342 2727 non
363 2667 419 2726 nisi
442 2685 480 2725 ex
502 2666 627 2726 castello
651 2665 717 2724 duci
741 2667 896 2742 permittit,
921 2685 958 2728 ne
981 2678 1030 2728 aut
1048 2669 1102 2728 rivi

55 2759 101 2809 aut
123 2749 238 2810 fistulae
260 2752 398 2830 publicae
420 2749 592 2828 frequenter
612 2749 790 2807 lacerentur.

142 2834 212 2895 107.
258 2836 305 2895 lus
327 2837 498 2913 impetratae
521 2850 615 2910 aquae
635 2847 731 2908 neque
752 2831 893 2890 heredem
912 2851 1008 2910 neque
1022 2853 1101 2912 emp·

56 2926 148 2976 torem
177 2937 274 2998 neque
302 2919 393 2980 ullum
426 2935 532 2977 novum
559 2916 704 2976 dominum
738 2914 924 2992 praediorum
959 2919 1099 2993 sequitur.

55 2999 187 3076 Balneis,
216 3022 292 3082 quae
317 3003 436 3085 publice
466 3001 612 3074 lavarent,
646 2999 832 3077 privilegium
854 2999 1008 3076 antiquitus
1032 3015 1101 3058 con·

56 3084 231 3162 cedebatur,
264 3097 297 3146 ut
324 3087 417 3148 semel
444 3087 509 3146 data
536 3101 612 3162 aqua
639 3092 785 3160 perpetuo
807 3091 948 3142 maneret.
993 3084 1043 3142 Sic
1063 3099 1102 3142 ex

53 3168 202 3229 veteribus
236 3182 356 3233 senatus
387 3169 528 3232 consultis
558 3169 782 3245 cognoscimus,
817 3185 855 3226 ex
883 3166 987 3245 quihus
1015 3185 1101 3227 unum

55 3252 174 3312 subieci.
220 3255 304 3317 Nunc
331 3257 424 3316 omnis
450 3270 543 3331 aquae
564 3270 630 3312 cum
654 3269 832 3331 possessore
854 3253 1028 3312 instauratur
1049 3251 1100 3311 be·

54 3337 195 3398 neiioium.
272 3368 276 3372 ·

139 3421 210 3483 108.
256 3421 355 3498 ouon
394 3436 428 3495 ρ’.
458 3434 586 3482 nunnus
616 3434 776 3500 nunnae,
810 3432 944 3482 paunus
975 3432 1101 3482 nunnus
1130 3437 1133 3446 ¹

57 3512 338 3571 usmarus‘coss.
359 3522 393 3568 v.
408 3520 458 3584 m,
487 3519 676 3566 consuram
698 3518 901 3584 oportunam,
929 3517 999 3576 ouo
1018 3517 1101 3566 mun
