2475 3909
136 197 196 258 110
463 205 541 256 SEX.
563 205 653 256 tum
674 204 845 255 neonem

134 362 202 426 thos
222 358 418 440 respondean
447 360 488 421 ita
516 368 547 421 et
567 359 762 439 quinariaruus
782 358 984 438 multiplicatio
1006 359 1037 418 in
1059 358 1189 436 amplio-

133 447 216 509 riltns
245 443 369 506 modulis
400 461 522 505 servare
549 445 780 523 consequentiae
811 461 882 505 suae
910 443 1044 521 regulam
1078 441 1189 502 debet:

135 531 281 609 alioquin,
310 529 425 588 cumin
452 528 623 604 erogatorio
645 528 764 589 modulo
785 529 878 588 rninus
900 529 1063 602 invenitur,
1089 526 1120 584 in
1138 543 1188 585 ac·

136 615 272 695 ceptorio
293 613 376 692 plus,
398 611 521 690 adparet
541 629 601 672 non
620 630 753 673 errorem
777 630 847 672 essc
867 612 921 672 ead
941 611 1087 671 fraudem.

219 698 271 760 35.
310 695 541 772 Meminerimus,
567 713 682 756 omnem
709 714 830 775 equam,
857 695 993 775 quotiens
1016 711 1055 754 cx
1077 693 1187 752 altiore

135 784 205 846 loco
225 780 305 842 renit
326 789 357 841 et
378 780 451 841 intra
467 780 559 841 breve
577 781 702 859 spatium
720 782 749 840 in
764 779 918 842 castellnm
935 779 1029 856 cudit,
1048 794 1112 837 non
1125 786 1187 838 tan·

134 877 195 930 tnnu
212 863 396 944 respondere
415 863 535 925 modulo
557 881 631 939 suo,
654 862 708 924 aed
730 865 817 925 etiam
841 863 1022 930 exuberare;
1045 863 1188 940 quotiens

134 966 207 1012 raro
227 967 266 1008 cx
286 947 456 1027 humiliore,
477 948 507 1008 id
528 957 575 1007 est
593 947 706 1008 minore
729 966 886 1028 pressura,
909 947 1026 1024 longius
1048 946 1186 1020 ducatur,

134 1034 260 1111 segnitia
289 1031 394 1092 ductus
414 1031 530 1092 modum
559 1048 679 1111 quoquo
708 1030 894 1112 deperdere:
924 1031 993 1092 ideo
1023 1031 1187 1090 secundum

133 1117 210 1178 ltanc
235 1116 378 1177 rationem
404 1124 454 1176 aut
481 1116 659 1177 onerandam
691 1135 760 1178 estc
789 1116 992 1194 erogationem
1025 1123 1075 1176 aut
1105 1113 1186 1174 rele-

134 1201 269 1263 vandum.

221 1283 274 1346 36.
312 1282 373 1344 Sed
395 1291 426 1343 et
441 1282 542 1343 calicis
560 1284 671 1364 positio
688 1283 778 1346 habet
793 1291 978 1344 momentum.
1023 1280 1057 1341 ln
1072 1290 1187 1341 rectum

137 1377 168 1431 et
192 1368 230 1430 ud
257 1367 361 1428 libram
384 1367 576 1444 conlocatus,
604 1367 722 1430 modurn
748 1377 861 1437 servat;
888 1367 926 1428 ad
948 1384 1068 1426 curcum
1092 1383 1185 1444 aquae

137 1452 292 1532 oltpositns
320 1460 351 1512 et
374 1450 523 1528 devexus,
551 1452 674 1531 amplius
695 1453 789 1532 rapit;
812 1452 849 1512 ad
867 1451 943 1512 latus
965 1451 1186 1530 praetereuntis

135 1553 231 1616 aquae
244 1553 405 1597 conversus
422 1544 453 1595 et
469 1535 600 1614 supinus,
623 1535 653 1598 id
671 1545 716 1596 est
734 1536 771 1596 ad
788 1537 919 1596 lraustnrn
936 1535 1070 1614 pronior,
1089 1534 1186 1612 segni·

136 1629 183 1680 ter
210 1621 347 1696 exiguum
371 1620 466 1680 sumit.
510 1617 565 1678 Est
587 1628 684 1680 antem
715 1620 793 1681 calix
818 1619 951 1680 modulus
974 1636 1109 1695 aeneus,
1140 1619 1186 1696 qui

136 1705 200 1766 rivo
227 1703 278 1764 vel
298 1702 422 1764 castello
444 1701 583 1771 induitnr;
612 1703 681 1765 lunio
703 1703 818 1766 fistulae
838 1702 1033 1782 adplicantur.
1080 1701 1186 1779 Longi·

137 1788 208 1849 tudo
232 1787 295 1846 eius
317 1785 428 1848 habere
449 1785 539 1846 debet
559 1787 667 1866 digitos
689 1805 747 1850 non
768 1789 860 1847 minus
880 1787 1051 1855 duodecim
1077 1786 1184 1860 lumen,

136 1869 166 1932 id
183 1878 229 1932 est
241 1871 449 1948 capacitatem,
467 1879 571 1946 quanta
590 1874 732 1950 imperata
748 1871 844 1932 inerit.
889 1870 1088 1949 Excogitatus
1107 1871 1185 1931 vide·

137 1962 199 2030 tur,
224 1954 359 2031 qnoniam
382 1955 463 2029 rigor
483 1955 579 2032 aeris,
601 1956 751 2018 difficilior
771 1956 808 2018 ad
836 1955 961 2034 desum,
988 1973 1049 2016 non
1073 1964 1186 2016 tenuere

136 2045 237 2115 potest
256 2035 349 2096 laxari
368 2036 418 2098 rel
437 2040 574 2098 coartari.

222 2119 274 2181 37.
317 2119 469 2194 Formulas
484 2122 684 2200 modulorum,
703 2125 852 2202 quisunt,
874 2122 1093 2200 omuesviginti
1106 2123 1182 2204 qnin-

138 2223 196 2284 que
223 2204 355 2282 subieci,
385 2206 515 2284 quamvis
537 2207 567 2267 in
594 2225 648 2267 usu
676 2207 841 2284 quindecim
873 2216 980 2267 tantum
1009 2207 1181 2286 frequentes

137 2291 211 2366 sint,
232 2290 362 2351 directos
384 2291 422 2351 ad
448 2292 607 2368 rationem,
631 2291 667 2350 de
689 2309 746 2370 qua
769 2290 860 2352 locuti
881 2307 996 2368 sumus,
1021 2291 1181 2352 emendetis

137 2383 291 2452 quattuor,
314 2391 390 2453 quos
407 2375 518 2453 aquarii
541 2384 738 2436 novaverant:
760 2375 919 2436 secundum
947 2392 1034 2453 quana
1053 2384 1087 2435 et
1108 2375 1181 2434 listu-

136 2455 185 2517 lae
209 2474 329 2531 ornnes,
353 2474 428 2534 qnae
457 2473 531 2534 opus
553 2458 679 2537 facient,
708 2460 793 2536 dirigi
821 2458 946 2536 debent,
973 2468 1041 2534 aut,
1074 2460 1102 2519 si
1130 2459 1180 2518 luae

137 2538 253 2599 fistulae
273 2539 446 2614 manebunt,
464 2539 501 2599 ad
522 2542 684 2620 quinarias,
706 2553 778 2622 quot
799 2544 933 2622 capient,
956 2543 1132 2622 computari.

223 2619 375 2746 {apul
395 2640 454 2683 non
471 2632 537 2683 sunt
559 2625 589 2684 in
613 2645 667 2686 usu
695 2627 820 2704 moduli,
848 2628 877 2686 in
900 2628 973 2706 ipsis
994 2636 1042 2686 est
1064 2627 1182 2690 adnota-

137 2711 207 2764 ium.

221 2787 272 2851 39.
316 2787 426 2851 Fistula
453 2791 583 2870 quinaria
614 2793 747 2874 (habet)
776 2794 910 2856 diametri
938 2794 1060 2872 digitum
1088 2814 1182 2870 unum,

137 2873 338 2954 quadrantem
367 2876 516 2955 perimetri
537 2879 644 2956 digitos
670 2877 749 2957 tr'es,
773 2879 936 2956 deuncem,
960 2880 1095 2959 scripula
1115 2883 1182 2940 tria:

137 2960 216 3039 cupit
237 2960 396 3040 quinariam
412 2979 507 3023 unam.

219 3046 271 3107 40.
315 3042 426 3106 Fistula
451 3045 567 3106 senaria
588 3045 719 3106 diametri
741 3046 861 3125 digitum
887 3065 989 3124 unum,
1013 3048 1182 3114 semissem

134 3130 283 3208 perimetri
312 3129 419 3206 digitos
446 3140 598 3207 quattuor,
621 3128 757 3209 bessem,
786 3132 982 3210 semunciam,
1005 3131 1182 3211 scripulum:

135 3214 213 3290 capit
232 3213 390 3291 quinariam
407 3231 509 3289 unam,
532 3213 744 3292 quincuncem,
763 3216 916 3276 sicilicum.

218 3296 270 3353 41.
312 3294 421 3355 Fistula
442 3297 611 3376 septenaria
634 3297 765 3358 diametri
787 3299 908 3375 digitum
930 3317 1035 3375 unum,
1058 3299 1183 3360 dodran·

133 3379 207 3438 teum
234 3377 383 3449 perimetri
406 3378 514 3456 digitos
540 3381 686 3459 quinque,
716 3382 884 3441 semissem:
919 3384 997 3462 capit
1021 3384 1182 3460 quinariam

132 3467 232 3526 unam,
255 3455 413 3534 deuncem,
435 3465 621 3525 semunciam.
666 3461 699 3524 ln
719 3482 773 3524 usu
796 3481 855 3524 uon
878 3473 934 3526 est.
