2475 3909
128 223 171 290 90
457 235 534 285 sax.
555 233 646 284 sunu
673 231 843 284 reorum

129 391 247 453 eoneito
261 389 526 466 transverberatus,
543 388 675 450 dedecus
687 388 855 464 servitutis,
871 395 902 447 ut
916 386 1064 466 voluerat,
1080 395 1178 448 morte

128 475 187 537 ella
211 477 241 537 ’t

188 493 266 621 ⁸¹17.
305 557 345 620 H.
372 554 447 618 Cato
475 553 611 616 censorii
639 553 733 629 iilius,
762 555 791 614 in
821 553 885 615 acie
912 555 1072 616 decidente
1099 573 1179 635 equo

129 643 303 722 prolapsus,
332 657 453 702 course
476 638 687 715 recollegisset
708 637 1021 718 animadvertissetqne
1044 639 1178 716 gladium

129 726 279 788 excidisse
296 726 412 803 vagina,
433 725 544 783 veritas
559 722 745 799 ignominiam
764 723 851 782 rediit
867 723 895 781 in
909 721 1039 792 bostem;
1064 741 1178 802 excep-

128 811 226 888 tisque
253 810 366 888 aliquot
396 806 582 882 vulneribus,
606 813 784 884 recuperato
808 806 922 866 demam
946 807 1045 884 gladio
1074 825 1178 867 rever·

130 910 180 952 sas
198 901 246 952 est
268 893 305 953 ad
325 907 406 952 snos.

216 974 265 1036 18.
307 974 447 1051 Petelini,
475 991 493 1036 a
523 974 631 1035 Poenis
664 971 797 1048 obsessi,
831 981 969 1051 parentes
1000 981 1031 1034 et
1063 973 1179 1034 liberos

128 1067 255 1138 propter
275 1059 402 1138 inopiam
416 1059 583 1127 eiecerunt;
602 1059 660 1137 ipsi
683 1057 770 1117 coriis
785 1056 956 1117 madefactis
977 1065 1007 1116 et
1028 1058 1100 1135 igne
1119 1059 1179 1118 sic·

129 1144 203 1203 catis
223 1143 362 1221 foliisque
384 1143 519 1203 arborum
541 1149 572 1201 et
592 1142 670 1201 omni
690 1139 853 1202 animalium
874 1157 986 1218 genere
1007 1142 1095 1202 vitam
1118 1151 1180 1202 tra·

130 1226 251 1302 bentes,
271 1226 407 1288 undecim
424 1243 542 1287 menses
565 1225 747 1285 obsidionem
767 1225 975 1284 toleraverunt.

218 1311 268 1372 19.
309 1309 429 1388 Hispani
458 1308 701 1371 Consaburenses
732 1309 827 1369 omnia
855 1308 958 1368 eadem
986 1309 1068 1387 passi
1096 1318 1178 1384 sunt,

130 1413 188 1457 nee
209 1395 349 1474 oppidum
369 1394 513 1456 Hirtuleio
530 1392 719 1453 tradiderunt.

215 1479 266 1540 20.
310 1476 501 1554 Casilinates,
530 1476 684 1537 obsidente
712 1473 890 1550 Hannibale,
918 1491 1090 1553 quamquam
1115 1483 1179 1534 tan·

131 1572 189 1622 tarn
217 1564 344 1641 inopiam
366 1563 503 1642 perpessi
525 1569 607 1636 sant,
629 1568 660 1620 ut
683 1558 816 1619 ducentis
842 1558 969 1619 denariis
991 1574 1103 1618 murem
1126 1577 1179 1617 ve-

129 1648 210 1706 nisse
231 1645 375 1726 proditnm
397 1648 435 1705 sit
457 1647 579 1724 eiusque
594 1643 777 1703 venditorem
798 1642 874 1702 fame
897 1642 1039 1720 periisse,
1061 1651 1177 1720 empto·

129 1747 192 1790 rem
218 1739 314 1792 autem
336 1731 464 1804 vixisse,
492 1728 579 1789 iidem
604 1737 701 1787 tamen
722 1743 843 1786 servare
865 1725 1003 1785 Romanis
1030 1744 1177 1805 perseve-

128 1823 276 1873 taverunt.

218 1895 269 1956 21.
314 1893 451 1970 Cynicam
466 1910 531 1953 com
547 1893 733 1971 obpugnaret
747 1893 942 1969 blitbridates,
963 1894 1096 1972 captivos
1113 1895 1177 1952 eins

129 1979 209 2039 urbis
225 1979 362 2056 produxit
373 1976 560 2055 ostenditque
571 1977 721 2051 obsessis,
737 1977 892 2037 arbitratus
906 1976 1031 2037 futurum
1043 1985 1074 2037 nt
1087 1978 1175 2035 mise-

129 2064 244 2123 ratione
263 2077 382 2121 suoram
398 2061 594 2140 compelleret
613 2060 651 2120 ad
668 2061 844 2122 deditionem
861 2061 1032 2138 oppidanos.
1077 2060 1119 2120 At
1135 2060 1177 2124 illi

130 2146 276 2206 cohortati
297 2145 334 2206 ad
353 2146 518 2225 patiendam
532 2146 649 2206 iortiter
663 2153 785 2205 mortem
806 2146 957 2223 captivos,
977 2161 1100 2204 serrare
1118 2143 1175 2218 Hc·

129 2232 222 2291 manis
243 2229 330 2291 iidem
352 2238 628 2310 perseveraverunt.

215 2313 267 2374 22.
310 2315 528 2392 segovienses,
551 2329 616 2373 cum
639 2309 805 2372 aViriatbo
821 2312 856 2372 iis
878 2310 964 2370 liberi
985 2318 1015 2368 et
1031 2310 1176 2386 coniuges

131 2398 341 2473 caederentur,
357 2405 606 2476 praeoptaverunt
622 2404 758 2472 spectare
777 2395 922 2474 supplicia
937 2395 1093 2473 pignorum
1109 2411 1176 2452 suo-

130 2497 210 2555 rnm,
235 2497 319 2558 quam
342 2478 379 2539 ab
401 2478 539 2538 Romanis
560 2479 701 2538 delicere.

216 2561 266 2620 23.
311 2560 492 2635 Numantini,
519 2579 557 2620 ne
583 2579 617 2620 se
646 2561 804 2638 dederent,
832 2561 909 2622 lame
938 2559 1011 2621 mori
1032 2559 1176 2637 praefixis

131 2641 244 2702 loribus
266 2642 400 2704 domuum
419 2661 535 2706 suarum
557 2645 730 2705 maluerunt.

539 2808 689 2871 CAPUT
710 2811 767 2872 Vl.

355 2941 402 2988 on
423 2941 586 2990 nocuere
606 2943 651 2990 nn
675 2941 943 2990 monsnnurons.

220 3061 247 3120 1.
291 3058 328 3133 Q.
346 3058 453 3120 Fabius
473 3031 592 3138 Hullus,
612 3063 747 3122 hortante
770 3062 850 3139 blio,
872 3072 904 3124 ut
925 3063 1021 3123 locum
1037 3063 1178 3124 idoneum

131 3159 291 3221 paucorum
317 3145 428 3205 iactura
449 3155 586 3224 caperet,
608 3146 717 3223 Visne,
740 3148 850 3224 inquit,
878 3156 908 3206 tu
931 3147 1048 3208 exiliis
1073 3150 1178 3226 paneis

131 3243 201 3285 em
215 3224 247 3364 b.
283 3308 466 3387 Xenophon,
492 3327 556 3370 cum
587 3329 665 3390 equo
695 3311 851 3372 veheretur
878 3322 909 3372 et
935 3310 1051 3390 pedites
1077 3314 1176 3390 iugum

132 3384 279 3456 quoddam
303 3405 451 3467 occupare
471 3394 606 3453 iussisset
634 3411 764 3472 unusque
794 3411 832 3454 ex
858 3396 901 3454 eis
930 3394 1177 3456 obmurmurando

132 3461 261 3538 diceret,
290 3466 379 3528 iacile
400 3489 467 3532 esse
489 3485 546 3534 tam
567 3476 716 3535 laboriosa
738 3476 888 3536 sedentem
909 3479 1074 3556 imperare,
1098 3479 1178 3539 desi·
