2475 3909
129 191 171 252 94
465 200 542 253 SEX·
562 201 652 252 1111211
672 198 844 250 FBON'HNI

130 357 300 437 gistratibns
321 355 512 431 Ennensium,
541 354 621 434 quod
649 362 807 434 suspectos
831 369 886 412 eos
908 360 1058 431 tamqnam
1080 353 1192 416 transi

130 445 241 503 tionem
267 440 304 502 ad
332 439 460 500 Poenum
480 446 618 518 pararent
643 437 789 512 babebat,
822 438 896 514 petit
916 436 1002 495 unius
1025 439 1129 497 noctis
1152 437 1191 498 ad

131 525 373 588 deliberationem
393 525 532 601 spatium
556 521 742 600 iudicataque
763 519 904 580 militibus
926 519 1031 579 fraude
1053 519 1193 580 Graeco·

130 629 212 684 rum,
230 627 293 670 cum
311 607 526 686 praecepisset,
547 614 578 665 nt
596 607 691 683 parati
713 613 833 682 postera
849 602 897 662 die
920 604 1036 680 signum
1058 621 1191 683 exspec·

131 702 242 767 tarent,
265 693 357 770 prima
382 690 449 750 luce
470 687 677 749 adsistentibus
702 685 921 764 magistratibus
943 686 1130 746 redditurum
1155 705 1190 746 se

133 777 234 839 claves
253 775 341 849 dixit,
364 774 391 832 si
410 773 488 832 idem
510 789 612 832 omnes
630 770 786 830 Ennenses
803 771 999 830 censuissent.
1048 769 1098 832 Ob
1123 788 1191 830 eam

132 877 250 920 causam
271 859 407 917 universa
434 854 614 915 multitudine
637 861 800 914 convocata
829 854 859 910 in
879 853 1024 913 theatrum
1048 864 1083 914 et
1111 854 1192 915 idem

132 942 297 1019 flagitante,
318 939 472 1000 manilesta
490 938 645 1000 deliniendi
659 937 826 1013 voluntate,
848 938 934 1013 signo
953 936 1099 998 militibus
1121 938 1191 998 dato

133 1027 288 1086 universos
301 1023 456 1084 Enuenses
473 1023 591 1082 cecidit.

218 1123 270 1184 23.
312 1123 476 1202 lpbicrates
503 1123 562 1182 dux
588 1119 808 1181 Atheniensium
832 1119 960 1178 classem
982 1137 1068 1179 suam
1086 1119 1192 1179 lrostili

134 1207 233 1268 lrabitn
253 1208 403 1283 instruxit,
426 1216 456 1267 et
476 1205 512 1266 ad
535 1223 589 1264 eos
610 1221 686 1282 qnos
707 1213 865 1282 suspectos
887 1202 1019 1263 babebat
1037 1205 1190 1276 invectus,

135 1310 200 1352 curn
222 1291 317 1351 ebuso
345 1291 441 1350 studio
473 1290 679 1367 exciperetur,
707 1287 893 1367 deprebensa
924 1303 1030 1347 eorum
1062 1286 1191 1366 pertidia

135 1374 274 1455 oppidum
295 1375 423 1453 diripuit.

221 1475 272 1535 24.
317 1473 360 1533 rt.
382 1471 547 1550 Gracchus,
564 1489 628 1532 cnm
646 1470 789 1531 edixisset
806 1471 931 1532 futurum
946 1480 978 1531 ut
995 1489 1035 1530 ex
1046 1470 1192 1529 volonum

136 1556 401 1618 numero'iortlbus
419 1556 585 1617 libertatem
599 1555 700 1628 daret,
721 1556 844 1632 ignaros
866 1555 1005 1615 crucibus
1028 1553 1191 1630 adigeret,

138 1649 319 1719 etquattuor
339 1640 417 1700 milia
433 1657 471 1699 ex
489 1639 552 1714 his,
574 1641 623 1717 qni
638 1640 757 1715 segnius
772 1648 993 1716 pugnaverant,
1016 1646 1099 1696 metu
1118 1655 1191 1716 poe-

137 1741 193 1785 nae
215 1726 244 1783 in
268 1722 418 1802 quemdem
446 1724 583 1782 munitum
603 1722 709 1781 collem
732 1723 878 1798 coissent,
907 1723 985 1781 misit
1010 1722 1060 1798 qui
1080 1723 1127 1781 eis
1151 1722 1193 1780 di-

140 1816 258 1882 cerent,
285 1815 375 1865 totum
404 1806 459 1864 sibi
482 1808 647 1866 exercitum
674 1805 811 1865 volonum
840 1807 949 1865 vicisse
972 1805 1086 1880 rideri,
1113 1805 1193 1882 quod

139 1890 242 1949 hostes
265 1889 423 1965 lngissent;
448 1897 478 1948 et
499 1890 543 1949 sic
561 1905 615 1949 eos
638 1897 668 1948 et
691 1905 742 1948 sua
765 1889 822 1949 fide
843 1898 873 1950 et
888 1892 1021 1968 ipsorum
1035 1897 1121 1948 metu
1141 1907 1193 1948 ex-

139 1973 253 2031 solutos
275 1972 398 2049 recepit.

226 2071 277 2132 25.
318 2068 460 2132 Hannibal
484 2081 551 2150 post
577 2071 737 2150 proelium,
760 2087 817 2150 quo
842 2074 990 2150 ingentem
1014 2073 1136 2133 cladem
1157 2073 1193 2132 ad

141 2154 339 2216 Trasimenum
371 2153 494 2216 Romani
525 2165 726 2234 acceperunt,
760 2175 824 2215 cum
860 2175 916 2215 sex
948 2156 1027 2217 milia
1063 2157 1194 2216 hostiurn

140 2241 312 2318 interposita
328 2241 464 2319 pactione
477 2241 505 2299 in
520 2247 696 2318 potestatem
718 2257 798 2297 suam
821 2240 1003 2316 redegisset,
1022 2242 1128 2300 socios
1141 2240 1193 2300 la·

142 2325 193 2381 tini
210 2327 331 2384 nominis
344 2324 470 2398 benigue
482 2325 511 2380 iu
526 2323 659 2381 civitates
674 2341 740 2382 snas
756 2322 878 2397 dimisit,
891 2323 1077 2384 dictitans'se
1089 2323 1195 2384 ltaliae

142 2405 311 2466 liberandae
333 2423 420 2465 causa
442 2404 551 2463 bellum
566 2422 693 2480 gerere;
718 2422 878 2485 eorumque
895 2423 987 2486 opera
1004 2409 1122 2486 aliquot
1142 2424 1194 2487 po·

144 2488 230 2566 pulos
252 2491 281 2547 in
300 2487 474 2547 deditionem
497 2488 624 2564 accepit.

230 2585 281 2644 26.
326 2583 432 2660 blago,
465 2603 528 2644 eum
553 2583 640 2644 locri
668 2584 872 2648 obsiderentur
901 2608 918 2650 a
951 2589 1056 2653 Cincio
1088 2590 1196 2650 elassis

145 2677 264 2726 nostrae
287 2667 456 2747 praefecto,
480 2668 591 2729 diffudit
612 2669 649 2730 ed
666 2667 795 2733 Romana
812 2683 909 2734 castra
926 2691 1096 2751 rumorem,
1121 2674 1196 2734 llan-

145 2750 272 2812 nibalem
297 2768 386 2811 caeso
407 2751 549 2814 llarcello
576 2753 612 2813 ad
640 2753 809 2814 liberandos
832 2757 986 2818 obsidione
1005 2757 1125 2821 Locros
1148 2778 1197 2818 ve-

146 2836 242 2896 nisse:
267 2836 340 2897 clam
360 2836 464 2897 deinde
486 2840 600 2916 equites
623 2839 746 2898 emissos
769 2839 851 2899 iussit
870 2859 886 2900 a
907 2841 1074 2918 montibus,
1096 2846 1149 2922 qui
1172 2844 1198 2901 in

138 2931 310 2999 ‘conspectu
331 2930 430 2997 erant,
450 2939 483 2982 se
505 2921 678 2990 ostendere;
703 2939 760 3002 quo
783 2922 861 2983 iacto
879 2925 996 3002 effecit,
1020 2935 1053 2984 ut
1075 2925 1198 2986 Cincius

146 3005 335 3068 Hannibalern
355 3005 461 3065 adesse
483 3016 563 3068 ratus
585 3007 799 3066 conscenderet
817 3026 907 3067 naves
930 3025 965 3068 ac
988 3009 1124 3086 lugeret.

233 3107 286 3170 27.
329 3107 430 3186 Scipio
452 3104 630 3167 Aemilianus
651 3107 687 3168 ad
708 3107 888 3168 Numantiam
905 3107 1039 3168 omnibns
1062 3125 1127 3168 non
1150 3127 1197 3170 oo·

148 3191 281 3288 hortibus
307 3200 415 3252 tantum
436 3191 491 3250 sed
515 3199 546 3251 et
566 3193 703 3252 centuriis
723 3193 891 3269 sagittarios
914 3201 944 3252 et
965 3191 1136 3254 funditores
1159 3197 1198 3254 in-

149 3283 303 3348 terposurt.
336 3306 338 3309 ·

235 3353 285 3411 28.
321 3355 478 3432 Pelopidas
489 3355 655 3432 Thebanus,
668 3374 732 3418 cum
747 3357 928 3418 a'lhessalis
939 3358 968 3418 in
980 3357 1081 3435 lugam
1092 3379 1199 3420 versus

152 3432 273 3509 tlumen,
298 3437 407 3512 inquo
430 3439 639 3500 tumultuarium
661 3440 774 3501 iecerat
796 3451 930 3519 pontem,
955 3441 1142 3522 liberasset,
1165 3463 1200 3504 ne
