2475 3909
137 210 177 269 54
469 220 546 271 SEX.
569 220 659 271 loon
682 218 854 269 ottonum!

224 376 273 435 11.
318 372 356 435 bl.
379 372 485 435 Atilius
513 374 635 451 consul,
662 372 744 435 bello
764 373 922 435 Samnitico
948 391 988 434 err
1015 375 1082 435 acie
1104 376 1183 436 rein·

135 457 283 539 gisntibus
308 460 337 519 in
362 466 457 519 castra
480 457 618 519 militibus
644 461 738 519 aciem
763 457 889 519 'anorum
913 457 1070 537 obposnit,
1096 460 1183 519 adlir-

136 560 234 619 mans,
255 560 357 603 secum
379 552 408 603 et
425 560 489 603 cum
510 542 595 603 bonis
618 542 732 603 civibus
753 542 939 605 dimicaturos
957 560 1029 618 eos,
1044 543 1184 603 uiaticum

135 626 269 689 hostibus
289 626 467 687 maluissent.
509 626 554 687 Ea
575 628 870 687 ratione·universcs
895 627 924 687 ia
943 627 1037 685 aciem
1054 626 1182 687 reduxit.

224 709 273 770 12.
316 709 348 769 L.
373 710 472 791 Splla,
496 710 667 771 cedentibus
695 709 750 770 ianr
772 709 953 787 legionibus·
962 711 1108 770 exercitui
1130 710 1182 771 lli-

135 794 289 854 thrldatico
318 792 406 854 ductu
436 793 592 871 Archelai,
622 794 724 853 stricto
750 794 848 871 gladio
879 795 908 853 in
937 795 1059 872 primam
1087 796 1183 855 aciem

134 877 319 955 procucurrit
341 876 552 956 adpellansquo
569 878 676 939 milites
697 877 784 937 dixit:
804 879 830 936 si
852 878 917 957 qnia
933 880 1116 956 quaesisset,
1133 877 1184 939 ubi

134 962 340 1039 imperatorem
363 956 566 1041 reliquissent,
591 962 829 1040 responderent,
844 969 1021 1040 pugnantem
1039 963 1068 1021 in
1085 962 1183 1022 Boeo·

134 1046 185 1104 tia.
232 1041 323 1103 Cuius
341 1046 385 1104 rei
409 1045 521 1125 pudore
543 1046 674 1105 universi
694 1064 760 1105 eum
781 1047 875 1105 secuti
894 1054 970 1104 sunt.

221 1126 269 1188 13.
314 1127 406 1189 Divus
426 1128 531 1206 lulius,
554 1129 591 1189 ad
611 1128 745 1190 blandam
765 1129 961 1189 referentibus
982 1129 1043 1188 suis
1062 1129 1182 1207 pedem,

136 1228 241 1289 equum
264 1228 346 1271 suum
374 1211 479 1274 abduci
507 1230 523 1273 a
554 1222 717 1292 conspecta
738 1214 822 1273 iussit
849 1222 880 1273 et
899 1214 929 1271 in
946 1214 1067 1291 primam
1088 1213 1183 1273 aciem

133 1293 227 1373 pedes
255 1296 401 1373 prosiluit.
445 1297 572 1373 blilites,
603 1297 677 1357 dum·
698 1298 861 1358 destituere
887 1297 1097 1376 imperatorem
1118 1315 1183 1356 ern·

14 1446 18 1455 ,
134 1378 274 1455 bescunt,
296 1380 530 1460 redintegrarent
551 1377 705 1460 proelium.

223 1464 271 1523 14.
316 1462 467 1545 Philippus
489 1466 617 1540 veritus,
645 1482 683 1523 ne
700 1466 838 1543 impeturn
865 1463 1040 1538 Scytharum
1058 1465 1105 1523 sui
1127 1481 1185 1523 non

134 1549 329 1623 sustinerent,
352 1549 540 1611 fidelissimos
554 1550 684 1628 equitum
702 1566 725 1608 a
738 1557 826 1625 tergo
840 1548 939 1625 posuit
958 1548 1183 1626 praecepitque,

134 1650 172 1691 ne
199 1650 285 1711 quem
310 1634 534 1694 commilitonum
562 1651 600 1692 ex
621 1634 687 1693 acie
708 1633 813 1709 ingene
834 1640 1015 1709 paterentar3
1039 1649 1183 1710 perseve

133 1717 243 1777 rantius
266 1715 408 1777 abeuntes
430 1717 616 1777 trucidarant.
663 1715 731 1789 Qua
746 1716 962 1777 denuntiatione
978 1733 1044 1775 cum
1064 1716 1183 1776 effecis-

134 1808 197 1875 set,
221 1808 251 1858 ut
273 1800 359 1859 etiam
381 1800 551 1859 timidissimi
571 1799 693 1860 mallent
709 1800 747 1861 ab
766 1799 900 1860 hostibus
916 1816 1000 1877 quam
1018 1818 1035 1860 a
1056 1801 1120 1860 anis
1142 1801 1184 1859 in

133 1882 245 1957 terirci,
268 1883 421 1943 victoriam
437 1883 607 1963 adquisivit.

542 2014 694 2077 CAPUT
717 2015 775 2076 lx.

131 2112 179 2159 nn
193 2111 250 2160 uns
258 2144 267 2178 ,
283 2111 375 2172 anun
390 2112 478 2162 rosv
491 2114 672 2164 rnonnnnr
684 2104 831 2161 nonnos
844 2112 944 2162 sona.
974 2112 1005 2160 sn
1019 2112 1085 2161 aas
1100 2114 1184 2161 rno-

165 2197 273 2247 srnnn
291 2196 529 2265 unsaramma
549 2197 823 2247 consonuannrs
835 2196 1013 2257 nnnrquns
1031 2197 1151 2246 annun.

220 2305 247 2364 1.
293 2300 326 2363 G.
340 2302 465 2379 blarius,
487 2305 572 2363 victis
591 2303 707 2383 proelio
722 2301 882 2377 Teutonis,
905 2301 1045 2379 reliquias
1068 2319 1185 2378 eorum,

133 2389 199 2466 quia
229 2405 288 2448 nox
315 2390 531 2461 intervenerat,
563 2386 799 2462 circumsedens,
827 2385 950 2445 sublatis
977 2384 1103 2464 subinde
1123 2388 1185 2447 cla·

131 2470 262 2531 moribus
289 2486 478 2547 perpaucos
507 2486 625 2557 snorqm
653 2471 808 2531 territavit
821 2472 1041 2547 insomnemque
1066 2470 1187 2531 hostem

132 2554 271 2694 deqinquim
293 2570 330 2611 ex
352 2569 388 2611 eo
407 2552 575 2631 adsecutus,
599 2562 629 2615 ut
647 2562 769 2633 postero
787 2554 835 2615 die
854 2552 1048 2633 inrequieturn
1065 2554 1187 2615 facilius

132 2635 169 2695 de
193 2652 210 2693 e
236 2644 309 2695 aret.

218 2716 247 2777 2.
294 2716 541 2797 ClaudiusNero,
565 2722 650 2782 victis
668 2720 791 2796 Poenis,
814 2720 1085 2799 qnosllasdrubale
1108 2723 1187 2784 duce

130 2801 159 2861 in
182 2801 293 2863 ltaliam
319 2821 357 2863 ex
378 2802 516 2882 Hispania
538 2807 708 2866 traicientes
731 2813 910 2883 exceperat,
942 2813 1030 2883 caput
1052 2804 1186 2867 Hasdru-

8 2902 11 2909 ’
129 2886 206 2948 balis
226 2887 255 2947 in
279 2897 375 2949 castra
390 2886 558 2949 Hannibalis
581 2869 687 2951 eiecit:
711 2906 770 2969 quo
793 2889 987 2963 factumest,
1011 2897 1041 2947 ut
1059 2898 1092 2949 et
1107 2890 1186 2950 llan-

128 2972 208 3033 nibal
231 2972 309 3033 luctu
333 2973 430 3035 fratris
450 2975 543 3033 occisi
567 2983 598 3035 et
618 2976 768 3035 exercitus
779 2969 987 3052 desperatione
1006 2972 1187 3043 adsentandi

127 3056 269 3135 praesidii
290 3056 510 3133 adfligerentur.

214 3140 243 3203 3.
288 3140 319 3199 L.
340 3140 422 3201 Sulla
444 3140 500 3217 his,
521 3140 572 3218 qui
591 3139 752 3205 liraeneste
771 3138 1186 3214 obsidebantur„occisornm

127 3224 157 3279 in
181 3224 297 3299 proelio
327 3224 431 3285 ducum
458 3226 555 3303 capita
584 3222 675 3284 hastis
701 3224 833 3306 pcaebxa
856 3212 1002 3298 osteddit,
1031 3232 1122 3303 atque
1146 3228 1186 3287 ita

129 3302 340 3363 obstinatorum
359 3308 554 3383 pervicaciam
572 3307 672 3383 fregit.

216 3388 244 3441 4.
291 3385 435 3447 Arminius
460 3390 518 3449 dux
538 3389 747 3451 Germanorum
765 3392 862 3468 capita
886 3406 1005 3467 eornm,
1029 3408 1107 3469 qnos
1131 3410 1184 3452 oc·

131 3463 258 3539 ciderat,
283 3466 414 3535 similiter
436 3473 567 3548 praelixa
588 3474 625 3534 ad
642 3473 749 3533 vallum
764 3472 889 3534 hostiam
912 3472 1063 3535 admoveri
1073 3477 1184 3538 iussit.
