2475 3909
214 192 264 238 nn
286 190 411 252 neuun
432 191 611 244 occursus
633 195 736 246 uasta
758 197 880 248 nouus
901 199 1018 252 usus.
1088 188 1147 254 123

72 348 177 408 verba
200 342 267 407 eius
290 347 405 426 legisz)
429 347 460 407 id
483 355 531 406 est
554 367 632 428 quae
655 368 693 410 ex
715 352 782 412 lacu
804 353 976 414 abundavit:
1006 373 1072 416 eanr
1093 373 1148 418 nos

75 433 228 492 caducam
251 449 408 492 vocamus.
453 429 492 489 Et
513 431 590 491 baec
609 434 674 512 ipsa
696 451 755 495 non
774 437 803 495 iu
825 437 912 498 alium
936 455 1034 515 usuro,
1063 457 1148 519 quam

74 519 109 575 in
141 515 321 576 balnearum
349 523 381 574 et
409 513 616 576 lullonicarum
648 517 791 586 dabatur:
829 529 951 601 eratque
981 524 1148 599 vectigalis,

75 609 193 660 statuta
220 598 383 673 mercede,
415 617 494 677 quae
522 600 552 659 in
579 599 702 679 publico
725 603 957 683 impenderetur:
986 607 1097 685 aliquid
1119 615 1149 666 et

75 687 111 744 in
133 683 243 744 domos
265 684 434 762 principum
453 683 581 743 civitatis
601 684 742 760 dabatur,
766 688 997 750 concedentibus
1014 690 1147 768 reliquis.

173 768 227 829 95.
274 767 323 826 Ad
349 785 439 844 quem
467 775 565 826 autem
588 770 788 844 magistratum
817 773 861 831 ius
883 773 995 834 dandae
1018 774 1147 834 venden-

75 853 181 912 daeve
203 869 302 930 aquae
323 851 517 929 pertinuerit,
544 853 573 910 in
596 853 631 911 iis
653 853 726 930 ipsis
750 853 866 932 legibus
887 857 1029 918 variatur:
1058 859 1146 918 inter·

76 937 150 996 durn
166 937 245 995 eninr
265 934 304 994 ab
326 933 492 1009 aedilibus,
515 934 659 997 interdum
678 953 694 996 a
713 939 886 999 censoribus
908 944 1082 1018 permissum
1104 943 1146 1002 in·

75 1022 189 1087 venio;
220 1019 276 1079 sed
299 1019 442 1096 adparet,
473 1019 610 1095 quotiens
632 1020 660 1078 in
684 1039 717 1080 re
743 1022 861 1100 publica
886 1041 1028 1086 censores
1051 1036 1145 1103 erant,

78 1103 119 1163 ab
142 1104 206 1164 illis
226 1104 414 1181 potissimum
435 1103 575 1179 petitum,
598 1120 663 1163 cunr
688 1105 708 1164 ii
730 1117 905 1184 nouerant,
928 1099 1064 1170 aedilium
1080 1128 1144 1171 eam

77 1196 267 1267 potestatem
292 1186 399 1246 luisse.
444 1185 492 1245 ux
519 1204 579 1264 quo
605 1188 788 1249 manifestum
817 1199 878 1264 est,
908 1202 1016 1269 quanto
1046 1194 1144 1271 potior

79 1290 158 1331 cura
175 1271 338 1330 maioribus
361 1271 555 1330 communium
574 1271 726 1330 utilitatum
748 1289 834 1351 quam
849 1274 1025 1350 privatarum
1040 1275 1143 1356 volup·

81 1365 178 1415 tatum
207 1355 312 1429 inerit,
344 1371 411 1413 cnm
439 1354 528 1413 etiam
556 1372 593 1413 ea
622 1372 715 1433 aqua,
746 1371 833 1433 quam
860 1357 965 1434 privati
986 1356 1140 1436 ducebant,

81 1440 122 1500 ad
146 1456 234 1499 usum
252 1437 403 1519 publicum
425 1438 597 1516 pertineret.

171 1523 226 1584 96.
272 1522 409 1582 Tutelam
431 1529 529 1580 autern
551 1521 731 1598 singularum
751 1539 889 1601 aquarum
910 1521 1003 1584 locari
1027 1522 1142 1584 solitam

75 1609 221 1683 invenio,
246 1608 435 1684 positamque
454 1604 690 1683 redemptoribus
712 1607 938 1682 necessitatem,
962 1615 1073 1666 certum
1090 1625 1140 1667 nu·

73 1710 195 1752 merum
225 1693 308 1751 circa
329 1691 437 1751 ductus
457 1697 541 1748 extra
561 1688 680 1766 urbem,
711 1699 823 1750 certum
844 1690 873 1748 in
894 1690 966 1750 urbe
987 1707 1140 1752 serrorum

73 1777 224 1856 opificum
248 1773 396 1850 habendi,
421 1781 452 1832 et
471 1773 590 1850 quidem
611 1775 668 1850 ita,
693 1783 726 1834 ut
747 1776 861 1835 nomina
888 1791 1005 1853 quoque
1027 1789 1139 1851 eorum,

75 1879 159 1939 quos
186 1859 316 1919 babituri
338 1866 441 1917 essent
463 1858 492 1916 in
513 1858 675 1919 ministerio
698 1876 753 1937 per
774 1875 906 1939 quasque
926 1860 1083 1936 regiones,
1111 1859 1140 1918 in

73 1945 201 2005 tabulas
230 1943 370 2022 publicas
397 1940 565 2008 deferrent;
593 1959 753 2020 eorumque
781 1960 903 2023 operum
924 1941 1141 2022 probandorum

74 2046 186 2089 curam
208 2028 306 2087 fuisse
330 2043 424 2104 penes
448 2040 591 2084 censores
612 2025 770 2104 aliquando
793 2035 823 2085 ct
843 2027 973 2102 aediles,
996 2026 1138 2086 interdum

74 2115 171 2174 etiam
191 2109 405 2190 quaestoribus
428 2110 694 2185 comprovinciam
717 2109 890 2185 obvenisse,
915 2119 946 2170 ut
963 2111 1085 2188 adparet
1101 2127 1139 2170 ex

73 2206 207 2258 senatus
238 2194 394 2268 consulto,
430 2193 509 2271 quod
535 2192 645 2253 lactum
675 2202 721 2254 ost
748 2191 783 2253 G.
805 2192 915 2254 Licinio
940 2192 1078 2254 Caesulla
1107 2203 1138 2252 ct

75 2281 118 2356 Q.
139 2280 238 2340 Fabio
261 2277 448 2340 censoribus.

171 2364 224 2425 97.
272 2362 389 2436 Quanto
410 2379 506 2440 opere
527 2370 622 2422 autem
645 2379 733 2422 curae
755 2361 859 2439 iuuit,
884 2379 921 2422 ne
940 2361 1004 2440 quis
1023 2360 1136 2422 violare

76 2450 194 2510 ductus
224 2465 371 2526 aqnamve
397 2462 456 2506 non
481 2459 655 2506 concessam
681 2446 814 2508 derivare
839 2446 978 2520 auderet,
1011 2462 1074 2506 oum
1098 2463 1136 2506 ex

72 2533 182 2592 multis
205 2532 354 2610 adparere
376 2538 496 2608 potest,
515 2539 574 2596 turn
589 2540 620 2590 et
637 2550 675 2591 ex
691 2532 764 2608 boc,
788 2532 865 2610 quod
878 2530 981 2594 Circus
995 2530 1137 2592 Maximus

72 2635 117 2676 ne
139 2616 248 2677 diebus
268 2617 386 2693 quidem
408 2613 541 2674 ludorum
564 2613 745 2675 Circensium
763 2617 817 2676 nisi
842 2617 976 2678 aedilium
997 2625 1045 2676 aut
1068 2634 1136 2677 oen·

73 2719 185 2761 sorum
207 2702 354 2779 permissu
370 2698 561 2776 irrigabatur:
583 2699 662 2776 quod
676 2701 797 2760 durasse
814 2703 898 2760 etiam
915 2710 1068 2779 postquam
1086 2719 1135 2760 res

74 2785 117 2845 ad
141 2793 299 2844 curatores
321 2784 436 2844 transiit
459 2782 514 2842 sub
535 2782 687 2858 Augusto,
717 2782 793 2858 apud
812 2782 939 2842 Attalum
961 2782 1134 2862 Capitonem

65 2871 221 2946 ‚legimus
267 2868 342 2945 Agri
362 2884 454 2942 vero,
482 2867 531 2944 qui
553 2883 628 2944 aqua
650 2865 769 2945 publica
792 2876 892 2926 eontra
915 2866 1013 2943 legem
1036 2875 1136 2926 essent

73 2954 212 3030 irrigati,
234 2951 469 3032 publicabantur.
514 2949 640 3030 blancipi
661 2954 763 3025 etiam,
793 2950 818 3008 si
844 2951 958 3010 omnino
984 2951 1050 3026 quid
1072 2967 1133 3010 ser·

73 3056 135 3096 vus
154 3038 220 3096 eius
240 3037 383 3096 adversus
400 3035 498 3112 legem
514 3035 651 3110 lecisset,
672 3035 761 3096 multa
777 3034 936 3096 dicebatur.
981 3032 1012 3092 ln
1031 3035 1134 3094 iisdem

73 3121 200 3198 legibus
224 3121 371 3181 adiectum
389 3129 435 3180 est
455 3122 510 3180 ita:
532 3132 580 3180 ΝΕ
602 3133 682 3192 QUIS
705 3133 829 3194 AQUAM
849 3130 1012 3182 onducto
1034 3130 1132 3180 Dono

73 3217 199 3283 MALO,
232 3219 295 3265 UBI
326 3217 478 3265 PUBLIGE
507 3217 642 3266 samen.
687 3219 720 3268 SI
750 3219 828 3280 oms
859 3218 1050 3284 OLETARIT,
1079 3216 1134 3266 slt-

73 3301 309 3351 srnamoaou
327 3303 354 3350 x
373 3301 504 3349 urnmu
520 3303 641 3350 nuens
656 3303 756 3352 nano.
801 3290 917 3351 Oletato
936 3290 1132 3352 videturesse

73 3374 189 3433 olidam
217 3373 320 3434 facito.
367 3371 457 3432 cuius
485 3375 529 3434 rei
556 3392 651 3436 cause
673 3375 785 3438 aediles
814 3376 932 3438 curules
960 3375 1133 3439 iubebantur

73 3475 134 3536 per
156 3459 244 3518 vicos
271 3456 407 3532 singulos
428 3475 467 3518 ex
489 3459 542 3535 iis,
564 3459 613 3536 qui
636 3461 665 3520 in
683 3475 859 3539 unoquoque
879 3463 947 3522 vico
969 3462 1134 3524 habitarent
