2475 3909
239 238 583 287 sunnrsuunnttcott
605 239 676 287 ΜΒ.
690 240 727 288 11.
752 240 829 287 GAP.
845 241 896 288 111.
909 242 955 289 tv.
1079 228 1119 289 37

156 392 207 453 23.
254 393 418 471 Imperator
447 392 558 453 Caesar
584 394 767 454 Domitianus
796 395 945 471 Augustus
973 395 1119 458 Germani-

68 494 223 552 cus,·cum
237 478 360 538 subinde
377 475 454 538 Catti
474 488 612 558 equestre
630 478 773 557 proelium
791 481 821 537 in
836 478 925 539 silvas
945 478 1119 557 refugiendo

67 563 261 637 diducereut,
287 564 371 621 iussit
401 578 470 621 suos
497 564 629 641 equites,
661 562 745 621 simul
778 563 814 622 ad
842 564 979 640 impedita
1004 573 1121 623 ventum

68 655 168 720 esset,
190 648 274 723 equis
294 646 415 707 desilire
437 647 628 724 pedestrique
651 664 748 724 pugna
765 646 936 723 confligere.
983 645 1050 720 Quo
1068 665 1120 723 ge·

68 748 143 789 uere
163 738 339 792 consecutus
356 739 418 804 est,
436 747 473 789 ne
485 731 550 809 quis
567 747 625 789 non
640 730 699 790 loci
712 731 774 788 eius
790 732 941 791 victoriam
956 732 1118 790 miraretur.

156 812 209 873 24.
256 811 289 872 C.
313 812 442 888 Duilius,
471 832 534 873 cum
556 809 670 873 uideret
695 832 802 890 graves
823 833 891 874 suas
912 833 1004 873 naves
1025 813 1118 873 mobi-

70 899 151 959 litate
172 896 298 956 Punicae
322 898 426 956 classis
450 898 527 957 eludi
549 898 721 975 inritamque
747 900 882 958 virtutem
902 898 1022 957 militum
1044 899 1119 971 lieri,

72 981 253 1057 excogitavit
269 999 368 1040 manus
387 981 516 1049 ierreas;
541 1000 616 1060 quae
638 981 687 1041 ubi
706 982 841 1041 hostilem
863 982 1120 1061 adprehenderunt

71 1084 192 1140 navem,
211 1067 379 1143 superiecto
398 1074 486 1143 ponte
504 1065 774 1143 transgrediebatur
791 1066 938 1127 Romanus
953 1076 983 1127 et
996 1068 1025 1125 iu
1039 1069 1118 1145 ipso·

70 1168 132 1211 rum
152 1148 264 1209 ratibus
288 1150 446 1209 comminus
465 1149 570 1239 hostes
588 1148 761 1211 trucidabat.

479 1315 629 1378 corut
650 1316 706 1376 tv.

318 1448 365 1494 oa
387 1447 469 1495 scus
489 1447 656 1531 racemum
670 1444 873 1493 suasanus.

162 1570 189 1627 1.
234 1568 364 1647 Papirius
388 1564 497 1627 Cursor
517 1567 593 1627 iulius
617 1567 738 1643 consul,
762 1584 827 1626 cum
843 1583 939 1645 aequo
955 1565 1048 1625 llarte
1071 1567 1119 1627 ad·

71 1670 178 1712 versus
191 1651 353 1711 obstinatos
366 1654 510 1712 Samnites
527 1653 734 1726 concurreiet,
752 1651 952 1729 ignorantibus
964 1652 1025 1709 suis
1035 1668 1120 1729 prae-

73 1738 155 1815 cepit
181 1737 233 1814 Sp.
256 1736 379 1813 Nautio,
408 1746 437 1795 ut
465 1738 550 1816 pauci
579 1736 675 1796 alares
702 1745 732 1795 et
759 1752 923 1813 agasones,
945 1736 1030 1796 mulis
1052 1736 1120 1793 iusi·

73 1820 177 1879 dentes
205 1838 360 1899 ramosque
388 1838 443 1898 per
470 1830 576 1879 terram
605 1821 772 1895 trahentes,
798 1837 815 1879 a
844 1820 923 1880 colle
951 1829 1120 1880 transverso

72 1922 178 1981 magno
209 1904 329 1964 tumultu
356 1904 565 1965 decurrerent:
593 1905 698 1983 quibus
722 1906 889 1982 prospectis
917 1904 1120 1984 proclamavit,

73 1992 215 2047 victorem
238 1989 344 2049 adesse
368 1988 528 2066 collegam;
552 1997 732 2067 occuparent
753 1990 808 2067 ipsi
831 1990 997 2067 praesentis
1013 1988 1120 2068 proelii

73 2073 208 2149 gloriam.
255 2071 320 2145 Quo
335 2071 415 2133 lacto
426 2072 563 2133 Romanis
575 2072 683 2131 iiducia
698 2073 867 2148 concitatis,
885 2074 1028 2133 Samnites
1048 2090 1119 2152 prae

75 2156 199 2235 pulvere
222 2157 351 2236 perculsi
373 2165 457 2234 terga
479 2165 608 2215 vertere.

157 2240 189 2299 2.
235 2240 341 2299 Fabius
362 2239 503 2301 Maximus
519 2240 622 2300 Rullus
645 2248 749 2318 quartu
774 2238 926 2298 consulatu
947 2241 974 2297 iu
991 2240 1119 2311 Samnio,

74 2326 151 2384 omni
180 2325 268 2385 modo
296 2325 403 2385 frustra
432 2332 552 2385 conatus
580 2325 672 2383 aciem
694 2323 818 2383 hostium
840 2340 1048 2401 perrumpere,
1068 2338 1119 2380 no-

72 2410 192 2467 tissime
215 2410 346 2468 hastatos
372 2408 509 2468 subduxit
538 2408 687 2469 ordinibus
714 2414 746 2467 'et
772 2426 836 2467 cum
858 2407 998 2485 Scipione
1021 2405 1120 2482 legato

73 2510 127 2551 suo
147 2494 333 2551 circummisit
350 2494 490 2569 iussitque
507 2493 612 2552 collem
632 2511 760 2572 capere,
784 2511 822 2551 ex
841 2509 899 2571 quo
920 2491 1036 2552 decurri
1056 2498 1120 2569 pot·

74 2586 136 2635 erat
153 2577 182 2635 in
199 2577 323 2637 hostium
339 2586 432 2653 terga.
479 2575 563 2649 Quod
582 2576 630 2636 uhi
648 2577 756 2637 lactum
781 2587 845 2653 est,
868 2576 1006 2636 Romanis
1027 2576 1121 2635 crevit

73 2662 184 2719 animus
208 2670 238 2719 et
261 2662 404 2721 Samnites
422 2662 569 2739 perterriti
592 2662 689 2737 lugam
711 2660 867 2720 molientes
891 2662 971 2720 caesi
993 2670 1068 2721 sunt.

159 2744 188 2805 3.
234 2743 375 2804 Minucius
396 2744 489 2805 Rulus
508 2746 685 2823 imperator,
710 2763 774 2804 cum
797 2765 813 2805 a
831 2746 997 2805 Scordiscis
1018 2744 1121 2804 Dacis-

73 2846 129 2906 que
158 2838 358 2905 premeretur,
389 2828 492 2908 quibus
522 2831 614 2908 impar
643 2838 707 2886 erat
727 2846 866 2903 numero,
893 2830 1040 2908 praemisit
1063 2828 1121 2887 isa·

73 2922 146 2972 trem
170 2922 200 2971 et
223 2930 335 2990 paucos
356 2915 471 2992 equites
496 2932 551 2973 una
580 2929 644 2970 cum
670 2911 875 2970 aeneatoribus
896 2912 1120 2988 praecepitque,

72 3006 118 3071 ut,
143 3014 208 3055 cum
230 2997 352 3057 vidisset
374 3006 553 3063 contractum
577 2994 737 3073 proelium,
757 2993 869 3053 subitus
889 3011 928 3051 ex
949 2992 1067 3051 diverso
1087 3011 1121 3051 se

72 3080 245 3140 ostenderet
260 3081 433 3159 iuberetque
446 3088 621 3140 aeneatores
638 3080 805 3138 concinere.
851 3075 1026 3137 Sonautihus
1042 3092 1121 3134 mon·

71 3165 140 3224 tium
167 3166 260 3240 iugis,
285 3167 404 3243 species
429 3166 555 3241 ingentis
574 3164 762 3235 multitudinis
783 3161 885 3221 obfusa
909 3168 955 3220 est
976 3159 1121 3237 hostibus,

69 3267 126 3327 qua
150 3250 301 3327 perterriti
321 3249 431 3308 dedere
454 3258 548 3326 terga.

156 3334 187 3391 4.
234 3332 347 3392 Acilius
360 3331 478 3393 Glabrio
495 3332 598 3392 consul
613 3332 754 3392 adversus
770 3328 908 3389 Antiochi
921 3331 1002 3407 regis
1018 3331 1121 3404 aciem,

67 3434 155 3495 quam
185 3418 210 3475 is
238 3418 267 3476 in
290 3416 402 3476 Achaia
430 3434 484 3495 pro
515 3418 654 3493 angustiis
678 3414 938 3493 Thermopylarum
963 3415 1122 3487 direxerat,

65 3500 285 3581 iniquitatibus
300 3501 361 3561 loci
385 3517 444 3559 nou
464 3502 565 3569 inritus
586 3508 694 3559 tanturn
714 3500 766 3560 sed
787 3517 851 3559 cum
873 3500 983 3559 iactura
1005 3516 1122 3577 quoque
