2475 3909
125 214 166 275 60
461 222 538 272 eux.
560 222 649 271 1uu11
671 222 841 271 secantur

203 377 226 439 1.
250 378 297 439 De
317 380 470 457 repentino
490 378 610 457 impetu.

192 462 228 528 11.
250 462 295 523 De
316 462 451 523 fallendis
470 464 521 538 iis,
546 462 594 541 qui
614 460 794 521 obsidentur.

180 547 231 608 111.
253 546 299 607 De
322 546 476 613 eliciendis
499 545 535 605 ed
557 545 763 623 proditionem.

181 632 230 692 lV.
253 631 310 691 Per
330 648 405 709 quae
429 629 530 691 hostes
552 629 589 689 ad
609 630 737 706 inopiam
756 628 935 705 redigantur.

191 716 228 775 V.
252 714 499 789 Quemadmodum
526 712 754 793 persuadeatur,
784 712 967 773 obsidionem
1001 728 1172 791 permansu-

290 816 361 860 ram.

181 881 232 941 Vl.
256 882 302 943 De
324 881 523 942 destructione
542 880 756 959 praesidiorum
777 879 934 941 hostilium.

168 965 232 1026 Vll.
255 966 301 1026 De
323 966 468 1025 duminum
490 966 671 1025 derivatione
693 972 724 1023 et
743 963 895 1024 vitiatione
915 980 1065 1042 aquarum.

154 1049 232 1109 Vlll.
255 1049 301 1111 De
324 1050 469 1111 iniciendo
492 1049 626 1110 obsessis
648 1064 770 1126 pavore.

184 1135 234 1196 tx.
258 1134 305 1194 De
324 1134 483 1212 irruptione
507 1152 545 1193 ex
567 1134 683 1195 diverse
702 1141 803 1210 parte,
824 1148 910 1210 ιιιιιιιιι
925 1139 1146 1211 exspectamus.

125 1252 127 1258 ·
200 1218 237 1278 X.
259 1218 306 1279 De
326 1219 453 1293 insidiis,
477 1236 532 1295 per
555 1235 628 1296 quas
650 1216 803 1276 eliciantur
824 1213 951 1274 obsessi.

185 1302 236 1364 x1.
258 1302 303 1364 De
323 1303 506 1363 simulatione
528 1317 695 1379 regressus.

126 1402 173 1464 lix
196 1404 343 1465 contrario
364 1404 442 1463 circa
464 1402 584 1462 tutelam
605 1400 806 1461 obsessorum.

101 1494 111 1511 ‘
173 1503 237 1567 Xll.
262 1506 308 1566 De
331 1503 483 1564 excitanda
506 1520 576 1562 eura
596 1518 737 1577 suorum.¹

165 1588 243 1650 Xlll.
264 1589 310 1649 De
334 1587 492 1647 emittendo
512 1595 542 1646 et
561 1585 733 1664 recipiendo
756 1584 865 1644 nuntio.

164 1672 242 1734 XIV.
266 1673 323 1771 De·
339 1670 555 1731 introducendis
583 1670 698 1730 auxiliis
727 1678 757 1729 et
779 1666 991 1728 commeatibus
1010 1686 1174 1746 suggeren-

179 1838 243 1901 XV.
274 1756 522 1912 oddnaumouum
536 1836 697 1913 efficietur,
719 1845 750 1896 ut
763 1835 910 1896 abundare
922 1836 1085 1911 videantur,
1099 1853 1175 1913 quae

169 2002 246 2065 XVI.
273 1921 468 2078 Qduderrdltlitone
490 2002 691 2082 proditoribus
713 2014 743 2064 et
763 2005 921 2083 transfugis
945 2011 1129 2063 occurratur.

157 2086 247 2149 XVll.
273 2088 319 2149 De
342 2088 552 2169 eruptionibus.

140 2170 245 2233 XVIII.
274 2173 319 2234 De
343 2174 505 2237 constantia
527 2172 728 2233 obsessorum.

554 2354 706 2417 CAPUT
728 2354 754 2417 1.
791 2356 797 2366 '

440 2482 488 2535 on
503 2485 706 2534 assumo
721 2486 865 2535 rursus.

213 2624 241 2681 1.
282 2620 315 2680 V.
337 2620 488 2696 Quinctius
511 2620 631 2699 consui,
661 2623 747 2683 victis
779 2624 843 2684 acie
864 2623 978 2703 Aequis
1008 2632 1038 2683 et
1054 2624 1179 2685 Volscis

127 2724 191 2767 cum
208 2705 324 2765 Antium
345 2705 482 2784 oppidum
499 2722 670 2785 expugnare
692 2709 860 2784 statuisset,
881 2708 917 2767 ad
934 2709 1110 2768 concionem
1125 2726 1180 2767 vo·

127 2799 193 2851 ceto
221 2789 352 2848 exercitu
380 2790 536 2868 exposuit,
562 2809 647 2870 quam
673 2793 701 2852 id
731 2800 762 2851 et
793 2792 992 2862 necessarium
1027 2801 1058 2851 et
1086 2792 1181 2853 facile

126 2883 223 2951 esset,
245 2874 269 2933 si
289 2890 346 2933 non
362 2874 543 2936 differretur:
569 2876 804 2957 eoquejmpctu,
822 2889 909 2954 quem
921 2874 1088 2937 exhortatio
1107 2894 1180 2936 con·

125 2961 282 3035 citaverat,
306 2958 464 3036 adgressus
484 2967 529 3019 est
551 2959 663 3020 urbem.

123 3080 126 3087 ·
211 3058 241 3121 2.
281 3057 319 3120 Μ.
344 3058 416 3121 Ceto
444 3060 472 3120 in
494 3057 633 3138 Hispania
660 3059 862 3121 animadvertit
883 3060 970 3139 potiri
993 3078 1026 3119 se
1049 3060 1181 3138 quodam

125 3146 237 3224 oppido
253 3162 362 3223 posse,
386 3145 411 3203 si
434 3144 600 3222 inopinatus
618 3144 781 3205 invaderet.
827 3143 978 3218 Quatridui
1000 3145 1099 3221 itaque
1121 3146 1181 3203 iter

125 3229 215 3288 biduo
232 3247 287 3306 per
307 3228 484 3304 confragosa
507 3237 538 3287 et
559 3227 677 3287 deserta
694 3245 848 3304 emensus,
870 3228 1022 3289 nibil-talc
1042 3237 1179 3287 metuen-

9 3340 10 3349 ι
126 3319 173 3369 tes
195 3310 346 3386 obpressit
364 3311 475 3370 hostes.
520 3311 689 3371 Victoribus
706 3311 813 3373 deinde
835 3315 895 3372 sois
914 3330 1031 3373 censam
1054 3322 1114 3371 tam
1134 3310 1179 3370 ia-

9 3418 10 3445 ι
128 3389 194 3449 cilis
213 3400 334 3449 eventus
354 3394 569 3470 requirentibus
586 3395 674 3469 dixit,
693 3404 762 3454 tunc
782 3397 850 3457 illos
867 3398 1021 3457 victoriam
1035 3395 1178 3473 adeptos,

130 3489 193 3531 curn
216 3472 359 3553 quatridui
377 3476 433 3534 iter
452 3476 541 3537 biduo
565 3478 734 3556 eripuerint.
