2475 3909
263 252 608 302 srannsosuarroon
630 254 700 302 aaa.
724 254 761 303 11.
786 254 862 304 ona.
883 256 916 303 v.
1067 242 1108 305 lt

56 408 180 484 Illyrio,
208 410 348 467 maiorem
377 407 526 485 aliquanto
549 409 711 468 exercitum
732 408 876 484 habente,
905 410 1040 469 amolitus
1058 412 1109 469 im·

56 493 158 551 balles
183 509 318 568 suorum,
338 493 367 550 in
388 491 512 550 vicinam
533 494 686 567 regionem
709 492 846 553 Aetoliae
868 493 972 554 famam
990 496 1109 571 sparsit,

57 586 207 655 tamquam
229 576 319 635 urbes
338 594 373 635 ao
394 593 444 634 res
460 594 527 635 suas
539 573 656 634 Aetolis
676 577 872 636 concederet:
896 578 961 656 ipse
978 594 1042 636 cum
1062 579 1109 653 iia,

57 663 107 738 qui
138 678 219 719 arma
248 661 327 719 ferre
350 668 504 737 poterant,
530 659 650 719 insidias
671 661 705 736 in⁴
721 661 866 720 montibus
892 670 922 721 et
943 661 1019 720 locis
1041 678 1110 721 oon·

56 745 192 821 fragosis
210 743 364 803 distribuit.
411 742 501 818 illyrii
512 744 665 819 timentes,
680 761 717 802 ne
729 762 804 823 quae
817 744 1013 804 llolosaorum
1029 754 1112 805 erant

57 828 94 887 ab
119 827 239 887 Aetolis
257 836 489 906 occuparentur,
508 828 589 886 velut
609 827 800 906 adpraedam
818 829 990 889 festinantes
1008 829 1110 906 negle-

59 914 115 972 ctis
134 911 288 971 ordinibus
299 912 472 972 adcelerare
491 920 668 989 coeperunt:
689 929 763 989 quos
775 913 951 992 dissipatos,
963 913 1034 973 nihil
1051 912 1110 973 tale

58 1005 291 1074 exspectantes,
313 995 429 1070 Arybas
451 1014 490 1055 ex
511 996 623 1055 insidiis
645 995 718 1056 fudit
737 997 917 1076 fugavitque.

147 1078 199 1139 20.
246 1079 278 1138 Τ.
301 1078 446 1139 Labienus
468 1076 501 1139 G.
527 1078 664 1139 Caesaris
685 1079 818 1157 legatus,
844 1081 986 1141 adversus
1009 1078 1110 1141 Gallos

58 1172 129 1223 ante
151 1162 306 1223 adventum
328 1162 553 1237 Germanorum,
583 1180 658 1241 quos
676 1164 786 1223 auxilio
808 1165 853 1224 bis
871 1175 1011 1226 venturos
1034 1166 1110 1224 scie·

58 1248 126 1322 bat,
159 1247 321 1324 confligere
354 1249 474 1325 cupiens
502 1246 691 1308 diffidentiam
715 1249 875 1324 simulavit,
898 1251 1062 1328 positisque
1080 1250 1109 1307 in

57 1332 183 1390 diversa
210 1334 272 1409 ripa
299 1332 403 1391 castris
431 1331 646 1408 profectionem
675 1330 766 1390 edixit
791 1333 820 1389 in
847 1342 998 1409 posterum
1024 1333 1110 1391 diem.

58 1414 143 1475 Galli
164 1414 317 1474 credentes
340 1433 405 1475 eum
424 1413 546 1491 fugere,
570 1414 678 1473 flumen
701 1413 781 1493 quod
802 1415 927 1474 medium
949 1423 1013 1473 erat
1031 1416 1111 1473 insti·

57 1506 184 1558 fuerunt
218 1501 427 1559 transmittere:
456 1498 617 1574 Labienus,
648 1498 827 1557 circumacto
860 1499 1009 1573 exercitu,
1039 1499 1113 1556 inter

58 1584 145 1661 ipsas
167 1584 322 1661 superandi
340 1584 431 1643 amnis
453 1582 641 1643 difficultates
662 1599 716 1641 eos
740 1581 855 1641 cecidit.

151 1664 202 1725 21.
246 1666 406 1742 Hannibal,
427 1684 492 1726 oum
514 1666 702 1745 explorasset
721 1666 908 1743 negligenter
926 1674 1022 1724 castra
1045 1663 1112 1724 Fal·

59 1751 100 1809 vii
112 1748 238 1809 Romani
251 1749 333 1810 ducis
344 1753 466 1826 munita,
485 1752 579 1830 ipsum
593 1760 749 1829 praeterea
764 1752 852 1810 multa
867 1760 979 1809 temere
992 1748 1113 1825 audere,

60 1836 157 1913 prima
176 1834 260 1909 luce,
283 1854 347 1894 oum
369 1836 524 1895 densiores
542 1835 668 1895 nebulae
689 1844 874 1915 praestarent
893 1834 1112 1907 obscuritatem,

62 1935 179 1996 paucos
203 1920 317 1998 equitas
341 1920 527 1979 munitionum
549 1929 711 1979 nostrarum
731 1920 868 1997 vigilibus
887 1918 1031 1979 ostendit:
1054 1933 1112 1994 quo

61 2002 184 2062 Fulvius
203 2012 326 2081 repente
342 2004 432 2063 movit
453 2006 625 2063 exercitum.
670 2003 811 2063 Hannibal
827 2022 882 2081 per
899 2020 1033 2063 aversam
1046 2020 1112 2081 par·

61 2096 123 2146 tem
147 2096 243 2145 castra
264 2089 326 2146 eius
342 2088 517 2165 occupavit,
537 2096 567 2147 et
587 2086 639 2145 illd
655 2088 684 2146 in
703 2095 817 2163 tergum
835 2086 1029 2146 Romanorum
1041 2086 1112 2147 elfu-

63 2188 132 2246 sus,
157 2180 225 2231 octo
239 2171 316 2230 milia
333 2171 554 2230 fortissimorum
568 2170 687 2229 militum
701 2188 765 2230 oum
778 2172 844 2247 ipso
857 2170 931 2229 duce
947 2170 1111 2229 trucidavit.

150 2254 201 2314 22.
246 2255 326 2315 ldem
352 2254 508 2329 Hannibal,
539 2272 603 2314 cum
627 2256 703 2313 inter
734 2252 854 2312 Fabium
882 2251 1054 2311 dictatorem
1083 2260 1114 2310 et

61 2338 221 2398 llinuoium
247 2340 415 2415 magistrum
440 2340 569 2417 equitum
594 2338 704 2397 divisus
732 2346 815 2396 esset
837 2336 985 2395 exercitus
1010 2344 1040 2392 et
1059 2332 1113 2393 lla·

62 2423 131 2481 bins
163 2423 371 2482 occasionibus
405 2424 583 2497 immineret,
609 2421 753 2481 Minucius
779 2418 926 2499 pugnandi
956 2417 1113 2496 cupiditate

62 2506 222 2583 flagraret,
252 2516 347 2565 castra
371 2507 399 2563 in
425 2522 528 2583 campo
551 2506 600 2585 qui
621 2506 734 2565 medius
754 2507 830 2565 inter
852 2505 954 2564 hostes
975 2510 1039 2562 erat
1060 2518 1113 2580 po·

64 2592 137 2658 suit;
162 2598 192 2649 et
216 2608 281 2649 cum
303 2598 416 2668 partem
433 2589 561 2667 peditum
582 2591 610 2648 in
627 2590 813 2666 confragosis
834 2588 956 2667 rupibus
973 2587 1113 2661 celasset,

64 2676 130 2752 ipse
154 2673 191 2733 ad
219 2674 400 2733 evocandum
419 2672 534 2732 hostem
555 2675 632 2732 misit
654 2676 703 2751 qui
723 2676 883 2754 proximum
905 2672 1042 2731 tumulum
1064 2689 1113 2732 oo·

64 2767 224 2835 cuparent:
252 2757 288 2817 ad
312 2774 387 2835 quos
408 2755 617 2834 obprimendos
641 2774 705 2816 cum
728 2758 880 2817 eduxisset
901 2758 1003 2835 copias
1023 2755 1114 2815 blinu·

64 2844 143 2917 cius,
178 2842 366 2902 insidiatores
388 2840 424 2899 ab
446 2835 606 2899 Hannibale
638 2840 773 2916 dispositi
802 2839 897 2899 subito
919 2856 1114 2899 consurrexe-

63 2934 148 3001 runt,
174 2934 204 2985 ot
228 2925 380 2986 delessent
401 2922 520 2983 Minucii
542 2922 722 2997 exercitum,
745 2923 799 2979 nisi
818 2920 926 2981 Fabius
947 2922 1114 2999 periclitan-

64 3010 141 3069 tibus
166 3009 362 3069 subvenisset.

151 3092 203 3153 23.
248 3093 329 3154 ldem
351 3090 510 3165 Hannibal,
535 3108 600 3149 oum
623 3088 658 3149 ad
673 3087 809 3148 Trebiam
829 3089 857 3147 in
880 3095 1043 3166 conspectu
1065 3087 1114 3146 ba·

63 3177 151 3237 beret
182 3178 349 3255 Sempronii
376 3177 469 3252 Longi
499 3175 629 3234 consulis
653 3182 767 3249 castra,
796 3172 892 3231 medio
922 3188 1006 3231 amne
1026 3172 1114 3231 inter·

62 3260 190 3338 fluente,
209 3262 381 3322 saevissima
393 3262 488 3320 hieme
501 3257 655 3336 Magonem
669 3268 698 3318 et
710 3258 826 3316 ele'otos
837 3256 865 3315 in
882 3256 994 3315 insidiis
1006 3258 1114 3334 posuit.

62 3344 180 3405 Deinde
194 3344 333 3405 Numidas
353 3346 468 3424 equites
487 3344 523 3403 ad
544 3341 715 3403 eliciendam
728 3342 893 3419 Sempronii
913 3340 1115 3402 credulitatem

62 3428 238 3507 adequitare
265 3430 345 3490 vallo
375 3430 438 3488 eius
459 3428 559 3496 iussit;
589 3425 693 3505 quibus
712 3435 924 3505 praeceperat,
944 3436 975 3485 ut
997 3426 1033 3486 ad
1054 3428 1113 3504 pri·

61 3530 141 3573 mum
164 3524 340 3587 ,nostrorum
367 3514 510 3573 incursum
540 3528 595 3589 per
622 3518 691 3571 nota
718 3511 891 3587 refugerent
916 3510 1001 3571 rada.
1051 3508 1113 3568 Hos
