2475 3909
128 215 187 280 108
453 221 529 272 anx.
550 219 640 270 nunu
661 216 833 266 rsonnnu

127 393 184 444 est.
227 380 339 442 Unciae
365 394 437 454 erqo
462 375 597 436 modulus
627 371 716 432 babet
738 369 871 433 diametn'
893 366 1018 444 digitum
1040 385 1136 428 unum
1156 376 1186 426 et
1232 385 1233 388 ¹

127 469 261 528 trientem
282 464 378 540 digiti;
401 460 479 540 capit
500 459 659 537 quinariam
679 465 709 515 et
723 455 790 537 plus
806 454 956 532 quinariae
970 453 1101 526 octava,
1126 451 1186 510 hoc

128 561 175 610 est
195 549 349 610 sescuncia
370 545 519 625 quinariae
544 552 574 602 et
594 540 732 618 scripulis
755 538 849 600 tribus
873 547 903 598 et
925 536 1018 596 besse
1043 535 1184 612 scripuli.

128 635 245 712 Digitus
266 632 438 711 quadratus,
460 629 489 686 in
509 625 664 686 rotundum
685 623 842 696 redactus,
865 621 955 680 babet
976 621 1118 682 diametri
1142 619 1184 678 di·

127 721 218 795 gitum
238 735 323 776 unum
345 724 375 774 et
395 712 478 790 digiti
497 710 698 783 semunciam,
721 706 882 784 scripulum
890 725 898 778 ;
923 705 1005 783 capit
1026 703 1184 782 quinariae

128 803 317 874 dodrantem,
343 796 537 869 semunciam,
564 794 717 852 sicilicum.
766 790 884 866 Digitus
913 789 1060 848 rotundus
1090 786 1184 852 babet

128 884 260 945 diametri
285 883 405 958 digitum
428 896 528 946 nnum;
557 878 636 956 capit
664 876 815 955 quinariae
837 881 1029 952 septuncem,
1062 889 1183 932 semun-

127 970 218 1042 ciam,
242 965 394 1027 sextulam.

213 1050 264 1110 27.
309 1047 447 1109 Getemm
474 1045 600 1118 moduli,
627 1043 677 1122 qui
702 1042 867 1120 aquinatis
887 1040 1036 1114 oriuntur,
1065 1038 1183 1099 duobus

127 1134 287 1212 generibus
307 1135 515 1193 incrementum
536 1129 693 1205 accipiunt.
737 1125 792 1188 list
810 1143 915 1200 unum,
939 1142 1007 1184 cum
1024 1125 1091 1202 ipsa
1105 1123 1182 1182 mul-

128 1219 294 1297 tiplicatur,
315 1218 344 1278 id
367 1225 413 1276 cst
430 1215 536 1276 eodem
549 1212 656 1273 lumine
680 1210 781 1290 plures
802 1210 955 1289 quinariae
971 1209 1180 1273 includuntur;

128 1305 158 1363 in
179 1302 284 1381 quibus
300 1300 459 1362 secundnm
480 1298 675 1359 adiectionem
695 1296 888 1372 quinariarum
910 1293 1076 1371 amplitudo
1096 1293 1180 1352 lumi·

127 1388 173 1447 nis
195 1387 313 1448 crescit.
357 1383 412 1446 Est
432 1394 527 1445 antem
547 1380 613 1440 iere
628 1389 696 1440 tunc
716 1380 745 1438 in
763 1397 835 1452 usu,
860 1395 925 1438 cum
948 1377 1053 1455 plures
1079 1376 1180 1454 quina·

128 1473 206 1546 riae,
227 1472 290 1530 iure
304 1467 477 1547 impetratae
496 1482 591 1543 aquae
612 1483 649 1524 nc
665 1463 765 1523 inviis
786 1463 905 1540 saepius
926 1460 1182 1522 convulnerentur

129 1555 260 1630 listulae,
282 1556 338 1614 uni
360 1552 455 1613 listuli
477 1550 661 1628 excipiuntur
679 1549 708 1606 in
730 1545 900 1622 castellum,
924 1563 963 1604 ex
981 1561 1041 1623 quo
1068 1544 1181 1621 singuli

130 1656 213 1698 suum
233 1638 348 1698 modum
369 1635 521 1713 recipiunt.
568 1631 653 1710 (28.)
676 1630 810 1691 Alterum
831 1647 925 1707 genus
948 1638 1013 1705 est,
1039 1631 1181 1706 quotiens

128 1739 186 1781 non
215 1723 252 1782 ad
279 1721 471 1799 quinariarum
493 1717 700 1777 necessitatem
727 1714 824 1774 listula
851 1715 1064 1774 incrementum
1088 1714 1179 1791 capit,

129 1805 183 1865 sed
201 1807 238 1865 ad
260 1805 392 1865 diametri
413 1803 459 1861 sui
479 1818 658 1860 mensuram:
682 1797 841 1858 secundum
861 1798 940 1876 quod
960 1806 991 1858 et
1005 1815 1116 1857 nomen
1133 1815 1180 1856 ac·

130 1888 201 1964 cipit
227 1896 258 1946 et
279 1888 470 1964 capacitatem
490 1884 618 1960 ampliat.
663 1882 702 1943 Ut
724 1890 793 1960 puta
816 1883 961 1959 quinaria,
986 1900 1053 1942 cum
1079 1881 1178 1940 adiec-

128 1978 176 2030 tus
195 1978 241 2030 est
269 1971 297 2030 ei
324 1970 361 2029 ad
378 1969 549 2028 diametrum
570 1967 733 2044 quadrans,
761 1967 905 2027 senariam
925 1965 1013 2026 iacit:
1042 1983 1103 2026 nec
1124 1967 1178 2026 iam

128 2053 159 2112 in
184 2051 311 2114 solidum
332 2054 524 2131 capacitatem
545 2051 678 2128 ampliat;
709 2050 787 2129 capit
809 2051 886 2110 enim
904 2051 1067 2129 quinariam
1092 2067 1178 2109 unam

129 2144 159 2196 et
170 2136 542 2213 quincuncem,sicilicum.
586 2134 624 2196 m
636 2133 777 2212 deinceps
789 2134 892 2195 eadem
903 2136 1018 2196 ratione
1032 2134 1177 2212 quadran·

128 2219 207 2281 tibus
228 2220 369 2282 diametrc
386 2222 525 2296 adiectis,
547 2228 683 2296 utsupra
699 2219 807 2278 dictum
830 2227 891 2295 est,
915 2227 1056 2279 crescunt
1076 2226 1176 2297 septe·

128 2304 225 2381 naria,
247 2306 414 2380 octonaria,
436 2322 529 2382 usque
551 2303 589 2363 ad
607 2302 796 2370 vicenariam,

213 2387 265 2450 29.
304 2389 497 2464 Subsequitur
517 2387 567 2446 illa
586 2388 679 2461 ratio,
701 2403 776 2464 quae
800 2393 916 2446 constat
931 2403 971 2444 cx
992 2403 1118 2446 numero
1136 2386 1176 2446 di·

129 2471 256 2548 gitorum
282 2471 503 2551 quadratorum,
533 2472 582 2547 qui
616 2487 702 2545 area,
739 2469 768 2528 id
798 2479 845 2530 est
871 2469 997 2544 lumine,
1032 2471 1176 2549 cuiusque

128 2552 238 2612 moduli
255 2556 488 2619 continentur;a
509 2552 615 2630 quibus
628 2563 657 2612 et
674 2570 780 2614 nomon
795 2553 909 2618 fistulae
920 2554 1091 2632 accipiunt:
1114 2572 1177 2614 nam

129 2651 206 2713 qnae
227 2635 316 2696 babet
334 2653 440 2711 areae,
461 2636 492 2695 id
510 2645 555 2696 est
570 2637 685 2698 luminis
706 2639 734 2696 in
752 2637 905 2698 rotundum
929 2639 1043 2713 coacti,
1067 2638 1178 2715 digitos

130 2717 289 2797 quadratos
308 2720 409 2796 viginti
431 2721 573 2799 quinque,
596 2721 731 2782 vicenum
754 2722 870 2799 quinum
893 2721 1075 2800 adpellatur:
1099 2723 1176 2782 simi·

129 2803 198 2864 liter
209 2803 379 2879 tricenaria,
403 2813 432 2863 et
443 2805 585 2884 deinceps
597 2823 651 2883 per
661 2807 869 2866 incrementum
881 2805 1038 2881 digitorum
1054 2806 1177 2883 quadra·

129 2897 224 2950 turum
241 2907 334 2968 usque
353 2888 388 2951 ad
401 2898 554 2949 centenum
568 2891 710 2950 vicenum.
756 2889 841 2968 (30.)
860 2887 892 2948 ln
904 2891 1054 2950 vicenaria
1068 2890 1176 2964 fistula,

131 2991 205 3054 quae
230 2974 258 3033 in
285 2975 410 3036 confinio
429 2975 579 3053 utriusque
600 2974 720 3037 rationis
747 2975 843 3051 posita
867 2982 929 3048 est,
952 2982 1079 3051 utraque
1103 2975 1177 3034 ratio

131 3076 226 3137 paene
250 3059 394 3138 congruit.
437 3056 512 3126 Nam
537 3057 626 3118 babet
647 3057 807 3118 secundum
828 3075 893 3118 eam
914 3058 1176 3135 computationem,

132 3144 208 3222 qnae
233 3145 262 3202 in
291 3141 531 3206 antecedentibus
556 3141 681 3202 modulis
709 3142 854 3203 servanda
882 3150 944 3216 est,
975 3143 1003 3200 in
1033 3139 1176 3202 diametro

130 3225 305 3300 quadrantes
321 3227 442 3303 viginti,
465 3244 530 3285 cum
547 3225 681 3286 diametri
701 3225 830 3286 eiusdem
852 3226 935 3302 digiti
951 3227 1081 3304 quinque
1105 3228 1176 3286 sint:

131 3314 161 3363 et
182 3309 339 3367 secundum
363 3326 464 3368 eorum
488 3308 670 3368 modulorum
691 3311 851 3385 rationem,
882 3310 931 3386 qui
953 3319 1120 3387 sequuntur
1143 3310 1177 3372 ad

131 3400 212 3456 eam,
232 3387 321 3446 babet
341 3391 495 3464 digitorum
514 3391 719 3469 quadratorum
739 3395 847 3469 exiguo
868 3395 961 3454 minus
981 3394 1099 3470 viginti.

215 3463 267 3522 31·
309 3469 395 3528 Ratio
423 3472 581 3534 fistularum
608 3476 802 3551 quinariarum
832 3493 925 3553 usque
954 3477 991 3538 ad
1021 3486 1178 3540 centenum
