2475 3909
139 227 200 294 tus
475 241 553 292 sex.
571 239 661 290 rumr
682 237 856 288 secuntur

138 412 257 461 BXTBA
293 409 472 469 11thOE
503 409 626 456 milli
660 407 850 456 DUOERENT
887 406 1028 472 AQUAS,
1074 405 1208 466 QUIBUS

139 495 368 546 munusue
388 494 535 561 ESSENT,
558 492 684 552 Q.1›.1t.
697 492 730 540 R.
742 493 775 539 1¹.
787 491 819 539 P.
831 492 869 539 D.
881 490 916 537 Ε.
928 491 999 538 1t.1.
1013 491 1046 538 G.
1074 491 1145 537 UTI
1165 491 1207 538 trs

139 581 254 642 VSQUE
276 577 444 627 nauseet·
463 575 681 636 strumonem
696 575 883 640 AQUABUM,
906 573 1092 622 Excessus
1110 575 1205 636 QUAE

139 667 178 714 nt
198 665 293 714 osolt
319 661 536 710 cummunis
555 659 690 708 ESSENT
715 659 835 708 DATAE
856 659 928 706 Aur
954 657 1122 706 AUGUSTI
1146 659 1205 706 NO-

139 749 244 816 mult,
280 739 534 808 Quosnutourr
560 745 692 793 nouum
720 741 966 792 Posstnttmtuu
996 743 1038 790 ID
1069 743 1203 808 somn,

138 835 178 882 nt
197 833 269 893 Quo
291 829 522 879 ACCEPISBENT
545 828 679 889 Aoum.

227 902 298 964 tou.
345 899 417 961 (lum
435 917 542 961 vacare
559 901 676 978 aliquae
692 907 857 977 coeperunt
871 915 985 978 aquae,
1010 898 1203 970 adnuntiatur

139 996 170 1048 et
191 988 219 1046 iu
241 985 465 1045 commentarios
482 985 642 1062 redigitur,
666 984 715 1062 qui
733 985 947 1062 respiciuntur,
967 992 1001 1042 ut
1017 983 1201 1061 petitoribus

139 1089 178 1131 er
204 1071 306 1130 vacuis
331 1069 393 1129 dari
422 1069 545 1147 possint.
589 1067 650 1128 llas
677 1085 769 1146 aquas
791 1069 887 1131 statim
908 1068 1098 1128 intercidere
1121 1068 1200 1128 sole-

138 1154 225 1228 bant,
259 1163 291 1214 ut
317 1152 413 1212 nredio
438 1161 572 1231 tempore
596 1151 760 1212 venderent
781 1159 830 1210 aut
851 1151 1084 1229 possessoribus
1109 1170 1200 1230 prae·

138 1240 251 1299 diorum
276 1245 326 1297 aut
351 1236 418 1296 aliis
443 1237 540 1296 etism.
585 1235 742 1296 Romanius
763 1243 860 1295 autern
878 1236 976 1294 visum
999 1246 1046 1295 est
1065 1236 1197 1314 Principi

138 1331 257 1398 nostro,
278 1339 317 1382 ue
338 1320 459 1400 praedia
475 1320 572 1380 subito
586 1320 832 1394 destituerentur,
856 1320 976 1396 triginta
993 1321 1115 1380 dierum
1132 1339 1197 1398 spa-

137 1408 208 1468 tium
233 1406 394 1484 indulgeri,
422 1405 496 1465 intra
517 1404 596 1484 quod
617 1406 654 1480 ii,
685 1405 721 1465 ad
745 1419 821 1484 quos
843 1421 893 1462 res
918 1405 1112 1482 pertineret,
1142 1406 1195 1465 dis·

160 1492 289 1550 ertireut.

138 1508 158 1569 p
224 1574 270 1634 lle
293 1589 369 1652 aqua
393 1574 423 1632 iu
443 1571 564 1652 praedia
584 1571 732 1631 sociorum
753 1571 820 1631 data
841 1570 912 1632 nibil
935 1573 1135 1632 constitutum
1157 1573 1194 1631 iu·

136 1659 240 1718 renio:
268 1655 392 1736 perinde
415 1664 512 1716 mmen
539 1655 715 1716 observatur
740 1673 777 1714 ac
796 1655 860 1714 iure
882 1665 1018 1730 cautum,
1047 1665 1100 1731 ut,
1134 1657 1195 1716 duur

137 1742 203 1820 quis
225 1742 333 1816 exiis,
356 1740 405 1818 qui
423 1741 614 1799 communiter
628 1741 874 1818 impetraverunt,
895 1750 1096 1819 superesset,
1120 1751 1195 1802 totus

134 1826 239 1885 modus
262 1823 390 1904 praediis
410 1823 578 1899 adsignatus
597 1823 720 1897 flueret,
750 1831 780 1882 et
800 1832 869 1883 tuno
891 1823 1009 1884 demum
1032 1843 1194 1885 renovare·

135 1916 183 1967 tur
207 1907 396 1979 beneficium,
425 1923 490 1965 euur
517 1905 645 1966 desisset
670 1908 795 1986 quisque
819 1927 859 1968 ex
879 1909 932 1985 iis,
962 1909 1074 1988 quibus
1100 1911 1193 1970 datum

135 2000 216 2065 erat,
239 1988 403 2080 possidere.
857 2055 862 2063 Ι

219 2073 405 2151 impetratam
433 2090 537 2150 aquam
565 2074 641 2149 alio,
671 2091 756 2153 quam
779 2077 808 2134 ln
831 2093 867 2136 ea
889 2077 1032 2154 praedia,
1064 2079 1095 2136 in
1118 2097 1192 2158 quae

135 2157 202 2217 data
224 2167 305 2235 erat,
327 2165 376 2218 sut
396 2175 436 2217 er
453 2157 513 2218 alio
536 2158 679 2233 castello,
703 2177 789 2237 quam
810 2177 848 2220 ex
870 2177 929 2240 quo
953 2163 1089 2239 epistola
1114 2163 1192 2223 Prin·

134 2243 209 2319 cipis
230 2241 406 2319 continebit,
433 2242 501 2303 duci
523 2243 620 2322 palam
642 2251 688 2303 est
710 2261 769 2303 non
789 2253 949 2324 oportere,
980 2245 1036 2306 sed
1060 2255 1092 2306 et
1113 2265 1191 2306 mau-

134 2324 208 2384 datis
229 2326 411 2407 prohibetur.

222 2412 293 2470 110.
337 2410 530 2490 lnrpetrantur
555 2420 651 2470 autem
681 2419 712 2470 et
734 2429 789 2471 eae
812 2429 923 2491 aquae,
954 2431 1032 2490 quae
1059 2414 1191 2474 caducae

134 2501 293 2567 vocantur,
322 2493 349 2552 id
380 2501 425 2551 est
451 2501 500 2551 aut
521 2511 560 2552 ex
581 2495 715 2554 castellis
737 2505 785 2555 aut
809 2514 848 2556 er
869 2497 1088 2556 manationibus
1111 2499 1190 2558 listu-

133 2573 235 2632 larum.
280 2574 366 2646 Quod
393 2575 568 2634 benelioium
589 2595 606 2636 a
626 2577 809 2657 Principibus
832 2581 1006 2659 parcissime
1028 2583 1121 2642 tribui
1145 2601 1190 2641 so-

132 2652 223 2712 litum.
275 2656 335 2716 Sed
373 2657 521 2718 fraudibus
552 2662 737 2740 aquariorum
770 2665 930 2724 obnoxium
963 2674 1020 2724 est.
1076 2666 1190 2740 Quibus

133 2736 325 2815 prohibendis
351 2752 457 2820 quauta
489 2761 559 2805 cura
592 2745 751 2824 debeatur,
787 2767 826 2809 ex
858 2750 956 2827 capite
985 2751 1190 2812 mandatorum

133 2821 317 2886 manifestum
337 2829 411 2903 erit,
433 2828 511 2906 quod
530 2829 653 2890 subieci.

219 2909 291 2969 111.
336 2925 505 2972 csnucsrr
531 2927 695 2976 renuero
722 2927 818 2976 voro
841 2927 1001 2995 nucnsu,
1030 2931 1105 2978 ursr
1129 2931 1189 2991 our

132 3003 207 3051 urso
239 3006 430 3057 Buunutcto
462 3011 532 3057 suu
561 3011 697 3058 Prosunt
727 3012 924 3061 PRIrtchurt
953 3015 1114 3062 ussurus.
1147 3036 1189 3046 —

131 3073 205 3134 Nam
225 3095 353 3141 necesse
375 3090 422 3140 est
444 3098 482 3141 ex
504 3081 635 3141 castellis
655 3083 780 3162 aliquam
801 3093 915 3162 partem
932 3102 1028 3162 aquae
1044 3086 1186 3148 effluere:

133 3174 197 3214 cum
220 3159 278 3220 boc
299 3166 445 3243 pertinept
465 3181 525 3223 non
547 3165 643 3225 solum
667 3167 703 3226 ad
726 3166 806 3227 urbis
828 3179 948 3229 nostrae
971 3169 1187 3244 salubritatem,

130 3239 185 3294 sed
206 3244 294 3304 etiam
315 3249 353 3307 sd
372 3249 524 3307 utilitatem
545 3249 713 3309 cloacarum
734 3250 955 3313 abluendarum.

217 3321 287 3418 112ἰ
334 3329 505 3406 Explicitis,
533 3347 608 3408 quae
631 3332 667 3392 ad
686 3335 900 3394 ordinationem
919 3353 1062 3416 aquarum
1081 3340 1187 3415 privati

129 3407 199 3447 111111
209 3408 410 3499 pertinebant,
429 3427 487 3469 uon
498 3410 535 3470 ab
547 3431 580 3471 re
593 3423 655 3488 est,
669 3416 810 3492 quaedam
824 3421 926 3495 exiis,
940 3418 1048 3497 quibus
1062 3423 1186 3481 circum·

315 3492 447 3547 *errimus
465 3496 689 3555 constitutiones
707 3499 735 3555 iu
751 3499 820 3574 ipso
835 3510 902 3560 actu
919 3503 1185 3581 deprehendimus,
