2475 3909
126 224 165 287 lb
493 230 569 281 aaa.
591 222 680 279 ruurr
701 226 873 277 saonam

124 392 211 451 ducto
235 388 427 467 frequentiori
454 386 563 464 mugitu
590 386 722 466 speciem
748 381 957 444 remanentium
984 378 1176 459 praebebant

124 476 258 535 hostiurn.

209 557 259 617 27.
281 556 399 631 Hanno,
416 554 452 615 ab
470 552 603 615 hostibus
619 552 753 627 clausus,
770 550 1026 627 locnm‘ernptioui
1042 549 1174 607 maxime

125 652 222 720 aptum
246 640 377 717 adgestis
396 640 512 699 levibus
533 638 661 698 materiis
676 635 818 702 incendit;
839 644 899 695 tom
920 633 1007 692 hoste
1025 634 1065 692 ad
1089 640 1172 691 cete·

126 744 176 787 ros
199 728 295 785 exitus
318 722 526 785 custodiendos
545 729 689 795 avocato,
711 718 818 779 milites
837 736 893 797 per
910 718 1004 795 ipsam
1025 716 1173 777 dammam

126 812 242 883 eduxit,
263 807 425 867 admonitos
441 823 493 865 ora
513 806 615 879 scutis,
639 822 723 863 crura
744 812 828 862 veste
851 810 1021 878 contegere.

210 892 261 953 28.
286 890 443 964 Hannibal,
460 898 490 949 ut
506 890 685 967 iniquitatem
704 889 837 947 locorum
854 895 884 945 et
900 886 1027 963 inopiam
1043 885 1172 943 instante

126 975 217 1037 Fabio
246 974 371 1035 lllaximo
401 974 561 1051 effugeret,
592 982 681 1031 noctu
709 972 819 1045 boves,
852 968 957 1049 quibus
994 968 1032 1030 ad
1060 984 1173 1027 cornua

126 1060 286 1121 fasciculos
314 1058 495 1135 adligaverat
530 1066 758 1129 sarmentorum,
785 1054 919 1115 subiecto
947 1054 1015 1129 igno
1046 1052 1171 1113 dimisit:

127 1161 250 1221 cumque
283 1144 349 1221 ipso
381 1151 460 1203 motu
493 1141 685 1201 adolescente
718 1139 831 1199 damma
861 1136 1028 1198 turbaretur
1062 1152 1173 1213 pecus,

127 1245 229 1305 magua
254 1226 466 1286 discursatione
487 1235 617 1299 montes,
646 1228 675 1283 iu
697 1240 771 1303 quos
793 1231 888 1282 actum
910 1229 990 1295 crat,
1015 1219 1174 1279 collustra-

128 1313 178 1371 vit.
223 1311 361 1385 Romani,
385 1311 434 1388 qui
454 1310 489 1369 ad
511 1309 720 1387 speculandum
736 1313 961 1378 concurrerant,
985 1305 1076 1381 primo
1099 1319 1175 1379 pro-

129 1396 236 1471 digium
255 1396 364 1472 opinati
390 1402 471 1455 suut:
494 1393 600 1453 deinde
631 1412 695 1453 cunr
725 1400 807 1451 certa
830 1389 922 1449 Fabio
943 1388 1174 1457 renuntiassent,

122 1480 178 1539 ille
201 1479 237 1539 de
258 1478 424 1539 insidiarum
445 1487 523 1538 metu
547 1494 617 1537 suos
640 1476 746 1537 castris
773 1474 928 1540 continuit,
956 1467 1073 1532 barbari
1093 1468 1174 1530 obsi-

130 1572 224 1625 stente
243 1562 322 1625 nullo
342 1562 469 1643 proiecti
490 1570 565 1621 suut.

542 1726 693 1788 CAPUT
716 1726 767 1787 vl.

357 1858 404 1905 ou
426 1856 569 1905 ruamus
587 1859 625 1905 ru
647 1829 792 1905 rutnans
815 1856 948 1905 sacrus.

220 1982 247 2039 l.
267 1980 386 2041 Fulvius
397 1978 546 2057 Nobilior,
564 1996 629 2039 cum
640 1995 679 2037 ex
690 1979 808 2039 Samnio
820 1980 850 2039 in
860 1978 996 2039 hacanos
1009 1976 1173 2037 exercitum

133 2066 255 2126 duceret
278 2073 308 2123 et
329 2065 520 2141 cognovisset
541 2082 557 2124 a
580 2064 713 2141 perfugis
736 2061 838 2122 hostes
860 2063 1048 2124 novissimum
1069 2078 1177 2137 agmen

133 2152 196 2209 eius
208 2148 419 2225 adgressuros,
435 2148 622 2209 fortissimam
636 2147 784 2223 legionem
795 2148 888 2225 primo
904 2148 964 2221 ire,
979 2146 1079 2205 ultima
1090 2146 1176 2222 sequi

132 2236 216 2293 iussit
234 2233 448 2311 impedimenta.
492 2233 535 2292 lta
557 2232 665 2291 facturn
679 2248 733 2308 pro
751 2232 910 2291 occasione
925 2230 1052 2307 amplexi
1072 2228 1177 2287 hostes

132 2318 262 2397 diripere
277 2318 408 2378 sarcinas
421 2325 593 2395 coeperunt.
628 2314 757 2375 -Fulvius
771 2314 934 2391 legionem,
957 2315 994 2374 de
1014 2331 1070 2391 qua
1086 2328 1177 2389 supra

134 2403 240 2463 dictum
260 2410 320 2475 est,
341 2402 467 2478 quinque
490 2398 629 2459 cohortes
647 2399 677 2456 iu
693 2398 826 2458 dextram
844 2401 909 2459 viae
923 2407 1036 2476 partem
1057 2396 1177 2469 direxit,

115 2487 261 2563 *quinque
285 2483 320 2542 ad
343 2484 500 2551 sinistram
530 2491 617 2560 atque
645 2483 685 2541 ita
707 2484 889 2560 praedationi
912 2484 1039 2542 intentos
1061 2480 1176 2554 hostes,

135 2568 285 2645 explicato
306 2584 360 2644 per
382 2576 502 2643 utraque
524 2566 616 2627 latera
639 2566 746 2641 milite,
770 2567 875 2626 clausit
895 2566 1072 2643 occiditque.
1177 2573 1184 2581 '

220 2650 249 2709 2.
274 2650 370 2724 ldcm,
394 2650 527 2710 hostibus
549 2659 663 2727 tergum
692 2652 755 2710 eius
784 2653 813 2709 iu
839 2652 942 2710 itincre
964 2646 1177 2726 prementibus,

135 2736 202 2795 dum
222 2734 338 2793 humine
361 2734 589 2809 interveniente,
611 2751 669 2794 nou
691 2736 731 2793 ita
752 2752 876 2811 magno,
897 2744 928 2794 ut
942 2734 1093 2793 transitum
1107 2748 1177 2809 pro·

135 2818 267 2891 biberet,
298 2827 460 2878 moraretur
487 2827 582 2877 tamen
615 2819 788 2896 rapiditate,
826 2819 947 2880 alteram
972 2818 1120 2893 legionem
1149 2817 1179 2873 in

135 2902 254 2965 occulto
292 2902 364 2961 citra
396 2901 502 2963 humen
531 2902 705 2976 collocavit,
742 2910 774 2961 ut
801 2902 904 2961 hostes
930 2903 1078 2979 paucitate
1107 2917 1178 2959 con·

99 3026 105 3031 -
135 2995 245 3065 tempta
268 2986 405 3045 audacius
425 2995 627 3065 sequerentur.
677 2984 764 3058 Quod
786 2985 836 3043 ubi
863 2986 1056 3060 factumest,
1084 2983 1178 3059 legio,

137 3088 212 3149 quae
231 3068 269 3129 ob
292 3069 350 3129 hoc
371 3070 512 3147 disposita
536 3078 614 3145 erat,
639 3070 676 3128 de
698 3070 808 3129 insidiis
829 3070 944 3130 hostem
966 3069 1108 3145 adgressa
1128 3085 1178 3125 va·

136 3156 233 3213 stavit.
575 3206 576 3211 ,

223 3236 253 3295 3.
275 3234 436 3312 Iphicrates
459 3238 488 3295 in
512 3235 665 3297 Thraciam
684 3255 749 3296 cum
771 3246 893 3315 propter
919 3237 1116 3296 conditionem
1136 3236 1179 3295 lo·

139 3336 239 3378 corum
257 3317 374 3392 longum
393 3337 497 3395 agmen
521 3319 683 3381 deduceret
703 3329 733 3380 et
753 3323 910 3379 nuntiatum
929 3322 957 3380 ei
977 3330 1059 3379 esset
1076 3320 1179 3379 hostes

139 3419 277 3475 summum
296 3400 324 3459 id
343 3402 552 3478 adgressuros,
570 3404 709 3464 cohortes
730 3405 760 3463 in
778 3413 902 3481 utraque
920 3404 1013 3465 latera
1033 3405 1180 3464 secedere

140 3494 169 3545 et
185 3486 348 3571 consistere
359 3485 457 3560 iussit,
472 3496 589 3549 ceteros
601 3486 761 3563 sublegere
774 3493 803 3545 et
817 3489 873 3547 iter
883 3496 1039 3547 maturare.
1072 3487 1180 3547 Trans,
