2475 3909
238 244 581 295 suanumoomsmcou
603 245 674 293 ms.
698 246 735 293 11.
759 245 836 293 CAP.
859 246 881 295 1.
904 245 942 294 11.
1073 232 1115 297 29

156 401 207 462 13.
253 400 419 478 lugurtham
439 410 534 461 autem
550 408 681 476 constat,
700 418 858 461 memorem
879 402 992 463 virtutis
1010 401 1115 466 Roma·

66 503 188 560 norum,
212 502 331 563 semper
349 486 487 546 inclinato
508 485 555 546 die
580 487 762 546 committere
782 486 897 564 proelia
920 486 1053 563 solitum,
1074 498 1115 565 ut,

68 573 92 629 si
117 569 290 649 fugarentur
319 572 378 646 sni,
407 579 599 650 opportunam
632 579 751 629 noctem
777 569 920 630 haberent
947 571 984 632 ad
1012 571 1115 633 delite-

66 654 218 713 scendum.
758 662 761 667 '

156 738 207 797 14.
251 737 389 797 Lucullus
413 737 554 797 adversus
577 735 772 821 Mithridatem
792 746 823 797 11
844 738 1001 815 Tigranem
1017 739 1047 797 in
1059 739 1115 797 Ar·

66 824 162 881 menia
191 822 302 881 maiore
331 821 407 900 apud
438 821 694 898 Tigranocertam,
725 839 790 881 cum
819 824 884 901 ipse
913 839 972 882 non
992 824 1116 901 amplius

68 906 234 983 quindecim
254 905 332 965 milia
355 914 527 966 armatorum
545 900 679 981 haberet,
697 905 791 965 hostis
804 916 901 967 autom
921 906 1113 967 innumerabi-

67 990 124 1050 lem
153 990 363 1053 multitudinem
393 1007 490 1068 eoque
519 990 584 1069 ipso
609 988 781 1066 inhabilem,
812 1010 881 1051 usus
908 991 965 1051 hoc
987 992 1114 1052 1111111-

68 1073 222 1134 commodo
245 1076 371 1134 nondum
396 1072 701 1135 ordinatam-hostium
726 1076 819 1135 aciem
840 1077 945 1135 invasit
966 1084 1054 1155 atque
1075 1078 1114 1137 ita

34 1219 37 1225 ,
66 1161 199 1237 protinus
219 1159 386 1239 dissipavit,
416 1167 446 1218 ut
469 1160 525 1237 ipsi
551 1175 669 1238 11111111
695 1177 785 1237 reges
808 1162 931 1220 abiectis
952 1160 1113 1237 insignibus

64 1244 214 1321 ingerent.

154 1328 204 1387 15.
250 1326 293 1391 Ti.
317 1324 454 1386 Claudius
477 1325 557 1386 Nero
586 1326 729 1386 adversus
750 1326 931 1403 Pannonios,
961 1346 1025 1387 eum
1047 1327 1112 1389 bar·

62 1412 131 1471 bari
153 1410 272 1473 feroces
292 1413 320 1470 in
342 1411 435 1471 aciem
459 1411 572 1470 oriente
591 1411 685 1469 statim
709 1409 757 1468 die
779 1413 1015 1488 processissent,
1043 1429 1112 1471 con·

61 1496 152 1555 tinuit
176 1512 244 1553 snos
265 1512 429 1574 passusque
456 1504 518 1571 est,
542 1494 659 1553 hostem
684 1492 792 1552 nebula
821 1502 851 1553 11
877 1493 1033 1568 imbribus,
1065 1497 1113 1572 qui

62 1580 144 1639 lorte
168 1579 219 1638 illo
241 1580 287 1640 die
304 1577 400 1639 crebri
419 1588 518 1655 erant,
540 1576 708 1645 verberari;
732 1595 767 1637 ac
784 1577 912 1653 demum,
935 1577 984 1638 ubi
1003 1578 1113 1638 fessum

61 1664 169 1724 stando
192 1664 290 1742 pluria
312 1681 370 1723 non
391 1664 486 1723 solum
511 1664 565 1724 sed
590 1671 619 1723 et
642 1661 812 1748 lassitudine
833 1661 963 1723 delicere
984 1662 1113 1723 animad-

62 1749 169 1823 vertit,
194 1749 278 1825 signo
302 1748 370 1807 dato
393 1748 511 1808 adortus
535 1748 695 1825 superarit.

153 1834 204 1895 16.
250 1830 283 1891 G.
307 1830 419 1892 Caesar
446 1834 474 1892 in
498 1831 604 1907 Gallia,
635 1832 701 1908 qaia
728 1840 932 1909 compererat,
960 1829 1111 1890 Ariovisto

63 1917 274 1977 Germanorum
289 1918 355 1993 regi
373 1918 530 1976 institutum
549 1926 579 1975 et
600 1916 682 1994 quasi
697 1915 794 1992 legem
813 1934 882 1975 esse
896 1915 1035 1975 militibus
1052 1933 1111 1974 non

62 2000 212 2079 pugnandi
240 2000 545 2076 decrescenteluna,
576 2009 635 2059 tum
662 2002 843 2077 potissimum
868 2002 933 2060 acie
956 2002 1111 2060 commissa

62 2086 221 2163 impeditos
242 2085 386 2161 religione
406 2086 507 2144 hostes
528 2085 607 2144 vicit.

152 2170 202 2228 17.
247 2168 339 2227 Divus
360 2168 508 2245 Augustus
526 2168 727 2245 Vespasianus
755 2165 881 2226 ludaeos
907 2167 1022 2227 Saturni
1050 2168 1108 2242 die,

62 2270 121 2331 quo
146 2255 190 2312 eis
211 2252 296 2323 nefas
323 2260 370 2312 est
392 2253 547 2332 quidquam
568 2254 665 2311 seriae
685 2250 729 2309 rei
751 2267 858 2326 agere,
880 2250 1000 2311 adortus
1022 2268 1109 2329 snpe-

61 2339 148 2398 ravit.
435 2396 437 2401 2

152 2420 202 2483 18.
246 2420 395 2497 Lysander
404 2418 653 2480 Lacedaemonius
665 2418 807 2479 adversus
820 2416 1018 2478 Athenienses
1033 2418 1111 2495 apud

60 2504 303 2584 Aegospotamos
330 2506 452 2565 instituit
481 2513 563 2563 certo
589 2512 722 2582 tempore
744 2503 877 2565 infestari
897 2520 989 2576 naves
1019 2502 1109 2562 Athe·

60 2592 223 2666 niensinm,
246 2588 351 2651 deinde
373 2605 517 2649 revocare
533 2588 670 2668 classem.
713 2587 807 2648 Eare
825 2590 1110 2649 inconsuetudinem
1138 2600 1142 2605 ·

62 2675 224 2753 perducta,
245 2692 308 2733 cum
323 2672 520 2733 Athenienses
537 2682 605 2751 post
623 2673 788 2749 digressum
804 2673 918 2733 eiusad
937 2674 1109 2734 contrahen-

60 2759 114 2817 das
138 2760 241 2837 copias
261 2758 516 2837 dispergerentur,
540 2758 671 2817 extendit
691 2776 730 2817 ex
747 2758 958 2818 consuetudine
982 2759 1108 2818 classem

60 2852 92 2901 et
113 2844 246 2921 recepit:
269 2851 327 2901 tum
348 2842 472 2902 hostium
490 2843 612 2901 maxima
633 2849 718 2917 parte
742 2839 891 2916 exmore‘
906 2842 1039 2922 dilapsa,
1061 2860 1108 2901 re·

60 2926 160 3005 liquos
181 2927 300 2987 adortus
322 2926 429 2987 cecidit
451 2934 480 2986 et
502 2926 656 2998 universas
676 2924 878 3001 navesoepit.

479 3090 629 3153 CAPUT
655 3090 693 3151 ΙΙ.

277 3227 325 3276 nn
345 3225 438 3274 noco
460 3224 509 3271 so
528 3223 676 3271 Poenam
693 3219 887 3269 1111111111.

147 3350 176 3409 1.
222 3346 271 3406 Μ’.
301 3345 421 3423 curius,
451 3347 517 3423 qnia
546 3343 685 3423 phalangi
715 3344 796 3419 regis
824 3341 926 3419 Pyrrhi
951 3344 1109 3422 explicitae

56 3434 158 3493 resisti
188 3444 247 3491 non
275 3448 367 3510 posse
396 3428 660 3502 animadvertebat,
690 3428 770 3489 dedit
789 3438 937 3507 operam,·
954 3436 986 3487 ut
1006 3431 1034 3489 in
1053 3438 1108 3488 a'n·

58 3518 164 3593 1111111
185 3515 378 3594 confligeret,
401 3514 450 3574 ubi
471 3513 604 3573 conlecta
632 3511 687 3572 sibl
705 3514 770 3592 ipsa
788 3521 870 3573 esset
891 3511 1109 3589 impedimento.
