2475 3909
312 884 417 1001 sui.
439 886 559 1003 lUiii
587 885 818 1003 ittdiltt

142 1067 568 1155 sunnnnoonmroon
595 1072 714 1154 nrum
738 1069 983 1167 ournnuon.

463 1252 670 1265 ——u——n——n

419 1386 728 1453 PRAEFATIO

331 1522 368 1569 ru
387 1522 474 1571 unns
497 1520 625 1569 uranos
643 1518 802 1569 resonos.

133 1624 213 1716 Cum
241 1659 277 1719 ad
305 1658 500 1721 instruendam
529 1659 572 1718 rei
607 1660 739 1719 militaris
767 1658 918 1718 seientiam
951 1675 1023 1717 unus
1050 1676 1090 1717 ex

42 1758 167 1799 numero
185 1742 378 1803 studiosorum
401 1744 463 1803 eius
492 1744 672 1803 accesserim
694 1746 781 1822 eique
808 1742 970 1817 destinato,
1000 1760 1089 1820 qnan-

44 1834 103 1883 tum
125 1835 225 1885 nostra
247 1846 316 1887 curu
338 1827 444 1903 valuit,
469 1826 651 1886 satisfecisse
673 1830 754 1887 visus
776 1830 845 1902 sim,
869 1826 971 1887 deberi
994 1826 1089 1886 adhuc

45 1909 193 1969 institutae
222 1910 348 1970 arbitror
370 1926 495 1989 operae,
517 1920 547 1969 ut
566 1912 700 1972 sollertia
722 1912 826 1971 ducum
849 1912 943 1987 iacta,
973 1930 1049 1990 quae
1072 1930 1088 1969 a

46 1992 168 2053 Graecis
189 2012 246 2054 una
272 1996 528 2071 strategematicon
557 1996 753 2073 adpellatione
776 1996 988 2074 comprehensa
1011 2006 1088 2070 sunt,

47 2078 194 2155 expeditis
217 2078 380 2157 amplectar
402 2080 624 2141 commentariis.
671 2078 712 2139 lta
733 2081 808 2139 enim
830 2081 946 2139 consilii
969 2096 1088 2158 quoque

47 2169 75 2219 et
101 2163 304 2238 providentiae
335 2163 479 2241 exemptis
509 2163 651 2221 succincti
678 2162 770 2221 duces
792 2172 892 2221 erunt:
922 2164 997 2222 unde
1030 2164 1089 2221 iiiie

47 2246 233 2321 excogitandi
260 2248 443 2326 gerendique
471 2246 575 2305 similia
596 2245 721 2305 facultas
749 2246 902 2310 nutriatur3
933 2255 1090 2322 praeterea

48 2331 215 2405 continget,
237 2348 273 2389 nc
298 2331 335 2391 de
363 2340 470 2391 eventu
493 2330 620 2409 trepidet
637 2330 813 2389 inventionis
835 2344 922 2403 suae,
951 2331 1001 2405 qui
1021 2346 1089 2406 pro·

48 2412 122 2473 batis
144 2432 207 2475 earn
230 2416 438 2492 experimentis
462 2414 651 2493 comparabit.

134 2496 209 2559 lllud
231 2517 328 2581 neque
351 2502 456 2576 ignoro
478 2517 574 2577 neque
601 2499 716 2558 iniicior
737 2498 840 2573 etiam,
867 2514 965 2557 rerum
991 2504 1090 2574 gesta-

51 2600 109 2640 rum
132 2583 294 2661 scriptores
318 2584 453 2661 indagine
470 2585 569 2662 operis
592 2583 636 2643 sui
654 2582 728 2643 hane
751 2598 869 2661 quoque
891 2591 1004 2660 purtem
1022 2599 1091 2640 esse

52 2666 237 2743 complexum
268 2676 297 2727 et
320 2667 356 2727 ab
379 2666 563 2744 auctoribus,
593 2666 795 2744 exemplorum
816 2666 955 2745 quidquid
977 2667 1091 2742 insigne

52 2748 146 2827 atiquo
169 2750 257 2810 modo
280 2751 348 2826 fuit,
375 2751 519 2813 traditum.
565 2751 644 2827 Sed,
671 2761 702 2810 ut
720 2751 842 2829 opinor,
865 2752 1018 2828 occupatis
1039 2768 1091 2808 ve·

53 2832 167 2892 locitate
191 2835 303 2894 consuli
326 2834 428 2895 debet:
458 2836 576 2911 longum
605 2843 651 2893 est
673 2837 765 2909 enim,
794 2834 908 2911 singula
938 2843 968 2893 et
989 2850 1091 2911 sparsa

53 2934 103 2993 per
124 2919 292 2978 immensum
315 2935 424 2998 corpus
443 2918 626 2978 historiarum
645 2919 799 2994 persequi:
822 2926 852 2975 et
872 2917 917 2989 hi,
940 2919 988 2993 qui
1010 2926 1092 2974 nota·

52 2999 116 3060 bilia
139 3012 369 3080 excerpserunt,
397 3006 462 3081 ipso
483 3000 566 3061 velut
586 3015 695 3059 acervo
717 3016 814 3056 rerum
836 2999 1029 3057 confuderunt
1050 2998 1092 3055 ie·

51 3093 175 3159 gentem.
220 3085 328 3147 Nostra
351 3087 491 3147 sedulitas
508 3085 656 3164 impendet
678 3100 816 3161 operam,
840 3090 886 3155 ut,
907 3080 1092 3158 quemadmo-

53 3168 115 3226 dum
137 3187 185 3229 res
209 3180 332 3249 poscet,
356 3172 448 3249 ipsum
472 3170 550 3250 quod
573 3170 700 3246 exigitur
721 3168 803 3248 quasi
827 3166 862 3226 ad
884 3167 1093 3241 interrogatum

55 3251 203 3313 exhibeat:
220 3255 442 3334 circumspectis
459 3256 533 3313 enim
549 3253 724 3331 generibus,
740 3251 914 3331 praeparavi
929 3259 1093 3329 opportune

55 3336 251 3415 exemplorum
277 3338 370 3401 veluti
402 3337 534 3399 consilia.
580 3337 647 3411 Quo
669 3338 762 3413 magis
790 3344 885 3395 autem
908 3335 1035 3395 discreta
1057 3336 1094 3394 ad

55 3438 144 3481 rerum
166 3424 341 3483 varietatem
364 3434 431 3502 apte
455 3422 700 3497 conlucerentur,
728 3423 757 3479 in
784 3429 845 3481 tres
873 3420 964 3481 libros
994 3438 1029 3479 ea
1052 3421 1094 3479 di·

55 3504 189 3565 duximus.
235 3506 268 3566 ln
290 3509 384 3585 primo
408 3516 491 3567 erunt
514 3507 666 3585 exemplu,
694 3522 769 3583 quae
792 3513 958 3585 competant
978 3503 1094 3581 proelio

90 3625 206 3668 oneum
231 3626 347 3671 sunau.
886 3605 902 3665 1
