2475 3909
271 245 614 298 snmrnunusrrcon
633 249 766 298 n1n.1v.
787 249 863 301 can.
889 253 912 300 1.
1074 239 1115 302 83

158 400 212 462 34.
257 399 374 478 Appius
394 396 532 462 claudius
549 419 588 462 ex
607 402 669 478 his,
693 403 743 482 qui
761 403 830 465 loco
850 416 1016 484 cesserant,
1037 408 1115 470 deci·

65 501 149 546 mum
171 501 319 563 quemque
338 483 460 544 militem
481 494 563 545 sorte
584 485 702 547 ductum
724 487 793 548 iusti
815 491 970 567 percussit.

158 569 210 629 35.
251 566 359 627 Fabius
378 567 482 627 Rullus
504 569 607 629 consul
636 588 675 629 ex
697 569 809 632 duabus
837 572 1020 650 legionibus,
1043 590 1117 652 quae

69 653 141 714 loco
166 660 337 726 cesserant,
365 652 488 712 desnos
517 661 598 712 sorte
618 651 723 716 ductos
749 655 778 714 in
804 666 968 735 conspectu
997 657 1118 719 militum

70 737 172 797 securi
194 736 350 812 percussit.

160 819 213 880 36.
257 818 392 895 Aquilius
420 826 521 878 ternos
552 836 591 878 ex
623 820 776 897 centuriis,
808 839 929 900 quarum
962 824 1050 884 statio
1081 822 1117 885 ab

70 905 160 964 hoste
187 911 329 980 perrupta
350 910 426 976 erat,
449 904 547 961 securi
568 904 725 980 percussit.

152 986 212 1069 37.
253 983 292 1043 hl.
308 983 463 1060 Antonius,
483 1002 549 1046 cum
563 1003 657 1062 agger
671 985 708 1048 ab
722 985 854 1048 hostibus
869 989 1006 1050 incensus
1026 999 1117 1065 esset,

73 1091 114 1132 ex
132 1068 196 1145 his,
221 1068 317 1147 quiin
340 1085 434 1147 opere
449 1067 580 1144 inerant,
603 1069 722 1130 duarum
744 1070 906 1132 cohortium
925 1073 1045 1133 militem
1067 1073 1117 1134 de·

74 1153 193 1214 cimavit
214 1153 293 1211 etin
313 1151 446 1228 singulos
468 1169 508 1212 ex
528 1152 573 1212 his
596 1155 782 1215 centuriones
801 1156 1016 1229 animadvertit,
1036 1156 1116 1234 lega·

73 1249 135 1298 tum
157 1252 222 1295 curn
245 1236 402 1312 ignominia
422 1236 546 1312 dimisit,
567 1235 691 1316 reliquis
707 1255 745 1298 ex
761 1238 880 1315 legione
899 1239 1041 1301 hordeum
1056 1241 1118 1301 dari

73 1322 171 1382 iussit.
457 1355 462 1360 ·

163 1401 214 1464 38.
255 1400 288 1463 ln
306 1402 481 1478 legionem,
503 1418 579 1481 quae
600 1400 745 1477 Rhegium
767 1400 904 1480 oppidum
932 1403 1012 1461 iussn
1037 1402 1119 1462 ducis

74 1488 251 1565 diripuerat,
277 1485 507 1546 animadversum
537 1494 583 1544 est
613 1486 667 1561 ita,
696 1493 728 1543 ut
754 1493 890 1562 quattuor
916 1486 994 1548 milia
1014 1486 1120 1548 traditu

75 1570 231 1632 custodiae
245 1578 430 1629 necarentur.
474 1569 633 1629 Praeterea
652 1575 770 1628 senatus
789 1568 922 1629 consulto
937 1577 1050 1628 cautum
1063 1579 1120 1646 est,

74 1673 115 1716 ne
137 1671 223 1732 quem
246 1671 284 1712 ex
304 1654 348 1711 eis
366 1652 497 1730 sepelire
514 1652 565 1712 vel
583 1652 688 1729 lugere
710 1651 756 1714 fas
778 1662 868 1712 esset.

163 1737 215 1798 39.
258 1735 290 1796 Ι..
315 1735 447 1814 Papirius
470 1732 581 1795 Cursor
608 1731 733 1795 dictator
754 1735 873 1797 Fabium
895 1735 1010 1796 Rullum
1031 1737 1120 1812 magi·

76 1832 170 1882 strum
186 1821 330 1899 equitum,
351 1820 430 1898 quod
450 1820 592 1880 adversus
611 1820 718 1880 dictum
740 1820 802 1879 eius
824 1821 954 1898 quamvis
975 1836 1121 1898 prospere

77 1912 277 1986 pugnaverat,
300 1903 393 1980 virgis
410 1904 550 1982 poposcit
571 1903 767 1978 caedendum,
794 1922 912 1966 caesum
934 1905 1032 1965 securi
1053 1921 1120 1981 per·

78 2006 233 2057 cussurus;
256 2005 311 2046 nec
330 1988 510 2046 contentioni
528 1996 576 2046 aut
593 1985 731 2065 precibus
743 1987 862 2048 rnilitum
874 1989 1022 2050 concessit
1033 1988 1120 2049 anim·

77 2073 283 2133 adversionem
312 2088 437 2149 eumque
471 2068 687 2148 profugientem
712 2068 832 2130 Romam
861 2081 1035 2149 persecutus
1064 2079 1120 2146 est,

77 2175 114 2216 ne
137 2155 179 2214 ibi
201 2154 316 2233 quidem
337 2156 461 2213 remisso
485 2155 565 2231 prius
585 2153 724 2230 supplicii
744 2154 840 2211 meriti
864 2163 957 2228 metu,
980 2172 1065 2232 qnam
1085 2154 1122 2213 ad

77 2257 176 2317 genua
199 2240 262 2297 eius
281 2246 311 2296 et
332 2236 440 2299 Fabius
458 2255 523 2296 cunr
545 2246 628 2315 patre
648 2235 874 2313 provolveretur
893 2245 922 2294 et
944 2238 1052 2313 pariter
1074 2255 1120 2295 se·

76 2333 163 2384 natus
186 2339 222 2381 ac
242 2320 369 2400 populos
389 2320 537 2380 Romanus
555 2328 704 2396 rogarent.

164 2406 216 2466 40.
249 2404 390 2480 llanlins,
410 2406 457 2464 cui
468 2405 632 2483 Imperioso
645 2410 749 2482 postea
761 2417 925 2478 cognomen
940 2402 1003 2477 luit,
1021 2401 1121 2477 tilium,

77 2489 159 2570 quod
179 2491 203 2548 is
224 2499 325 2550 contra
347 2488 474 2549 edictum
496 2490 588 2566 patris
610 2504 674 2547 cunr
695 2487 780 2548 hoste
801 2494 1001 2565 pugnaverat,
1024 2503 1122 2565 quarn·

76 2577 123 2634 vis
155 2575 299 2633 victorem
331 2573 361 2632 in
390 2580 553 2650 conspectu
580 2571 728 2631 exercitus
757 2571 847 2648 virgis
877 2587 994 2632 caesum
1026 2571 1124 2632 securi

77 2658 237 2737 percussit,
1015 2673 1028 2694 ·

162 2743 216 2801 41.
260 2737 384 2800 llanlios
410 2739 507 2815 lilios,
536 2741 667 2800 exercitu
693 2757 748 2817 pro
775 2757 808 2798 se
837 2737 978 2800 adversus
1011 2749 1123 2818 patrem

77 2824 255 2884 seditionem
272 2832 410 2901 parante,
429 2824 548 2899 negavit
567 2824 637 2882 tanti
652 2839 720 2880 esse
742 2837 930 2898 quemquam,
954 2831 985 2880 nt
1004 2831 1124 2902 propter

77 2907 160 2969 illum
184 2906 338 2986 disciplina
359 2915 615 2984 corrumperetur,
649 2913 678 2965 et
699 2903 839 2976 obtinuit,
861 2912 891 2962 ut
913 2905 1007 2980 ipsum
1028 2906 1124 2980 puniri

100 3000 263 3053 uterentur.

78 3010 98 3070 p
164 3074 218 3135 42.
257 3074 294 3147 Q.
312 3072 421 3134 Fabius
435 3071 578 3132 Maximus
593 3069 806 3147 transfugarum
818 3068 955 3131 dexteras
973 3067 1124 3144 praecidit.

166 3158 219 3219 43.
265 3155 298 3218 G.
312 3155 402 3217 Curio
416 3156 520 3218 consul
530 3156 612 3217 hello
629 3155 794 3218 Dardanico
811 3153 888 3214 circa
903 3148 1124 3228 Dyrrhachium,

78 3260 146 3303 cum
172 3260 212 3300 ex
238 3242 366 3320 quinque
388 3239 556 3316 legionibus
582 3258 638 3300 una
657 3240 802 3300 seditione
827 3237 903 3296 iacto
925 3235 1053 3295 militiam
1075 3235 1125 3296 de·

77 3334 240 3388 tractasset
252 3332 478 3402 secuturumque
496 3342 530 3385 se
550 3325 743 3384 temeritatem
761 3321 843 3382 ducis
860 3320 889 3378 in
908 3319 1126 3398 expeditionem

76 3427 219 3489 asperam
247 3417 277 3468 et
309 3408 477 3469 insidiosam
506 3416 663 3485 negasset,
699 3415 834 3484 quattuor
863 3403 996 3482 legiones
1028 3403 1129 3470 eduxit

76 3502 209 3558 mmams
232 3501 262 3554 et
283 3494 448 3556 consistere
463 3489 629 3570 ordinibus,
653 3490 777 3551 detectis
797 3490 882 3556 armis
901 3489 981 3548 velut
1002 3491 1031 3554 in
1050 3489 1125 3560 acie,

921 3586 963 3646 6*
