<?xml version="1.0" encoding="UTF-8"?>
<!DOCTYPE html PUBLIC "-//W3C//DTD XHTML 1.0 Transitional//EN"
    "http://www.w3.org/TR/xhtml1/DTD/xhtml1-transitional.dtd">
<html xmlns="http://www.w3.org/1999/xhtml" xml:lang="en" lang="en">
 <head>
  <title>
</title>
<meta http-equiv="Content-Type" content="text/html;charset=utf-8" />
  <meta name='ocr-system' content='tesseract 3.04.00' />
  <meta name='ocr-capabilities' content='ocr_page ocr_carea ocr_par ocr_line ocrx_word'/>
</head>
<body>
  <div class='ocr_page' id='page_1' title='image "./sexiuliifrontin00dedegoog_0098.png"; bbox 0 0 2475 3909; ppageno 0'>
   <div class='ocr_carea' id='block_1_1' title="bbox 130 201 840 264">
    <p class='ocr_par' dir='ltr' id='par_1_1' title="bbox 130 201 840 264">
     <span class='ocr_line' id='line_1_1' title="bbox 130 201 840 264; baseline -0.004 -2"><span class='ocrx_word' id='word_1_1' title='bbox 130 201 171 264; x_wconf 81' lang='lat' dir='ltr'>tt</span> <span class='ocrx_word' id='word_1_2' title='bbox 460 211 537 262; x_wconf 83' lang='lat' dir='ltr'>sax.</span> <span class='ocrx_word' id='word_1_3' title='bbox 558 211 648 260; x_wconf 83' lang='lat' dir='ltr'>tumr</span> <span class='ocrx_word' id='word_1_4' title='bbox 669 211 840 260; x_wconf 81' lang='lat' dir='ltr'>snonrrro</span> 
     </span>
    </p>
   </div>
   <div class='ocr_carea' id='block_1_2' title="bbox 124 359 1174 1451">
    <p class='ocr_par' dir='ltr' id='par_1_2' title="bbox 124 359 1174 848">
     <span class='ocr_line' id='line_1_2' title="bbox 128 359 1173 448; baseline -0.004 -19"><span class='ocrx_word' id='word_1_5' title='bbox 128 375 265 448; x_wconf 82' lang='lat' dir='ltr'>quattuor</span> <span class='ocrx_word' id='word_1_6' title='bbox 286 367 380 442; x_wconf 88' lang='lat' dir='ltr'>milia,</span> <span class='ocrx_word' id='word_1_7' title='bbox 408 383 484 446; x_wconf 77' lang='lat' dir='ltr'>quae</span> <span class='ocrx_word' id='word_1_8' title='bbox 511 365 681 446; x_wconf 83' lang='lat' dir='ltr'>praedatum</span> <span class='ocrx_word' id='word_1_9' title='bbox 699 366 798 425; x_wconf 81' lang='lat' dir='ltr'>forent</span> <span class='ocrx_word' id='word_1_10' title='bbox 815 365 920 439; x_wconf 87' lang='lat' dir='ltr'>niissa,</span> <span class='ocrx_word' id='word_1_11' title='bbox 947 381 1042 443; x_wconf 89' lang='lat' dir='ltr'>posse</span> <span class='ocrx_word' id='word_1_12' title='bbox 1065 359 1173 446; x_wconf 83' lang='lat' dir='ltr'>excipi.</span> 
     </span>
     <span class='ocr_line' id='line_1_3' title="bbox 128 449 1173 529; baseline 0 -19"><span class='ocrx_word' id='word_1_13' title='bbox 128 451 270 514; x_wconf 84' lang='lat' dir='ltr'>Otacilius</span> <span class='ocrx_word' id='word_1_14' title='bbox 289 469 347 512; x_wconf 85' lang='lat' dir='ltr'>nee</span> <span class='ocrx_word' id='word_1_15' title='bbox 366 452 462 510; x_wconf 88' lang='lat' dir='ltr'>statim</span> <span class='ocrx_word' id='word_1_16' title='bbox 481 450 606 512; x_wconf 88' lang='lat' dir='ltr'>credidit</span> <span class='ocrx_word' id='word_1_17' title='bbox 617 449 803 526; x_wconf 78' lang='lat' dir='ltr'>transfugae,</span> <span class='ocrx_word' id='word_1_18' title='bbox 827 465 884 508; x_wconf 88' lang='lat' dir='ltr'>uec</span> <span class='ocrx_word' id='word_1_19' title='bbox 898 457 995 508; x_wconf 90' lang='lat' dir='ltr'>tumen</span> <span class='ocrx_word' id='word_1_20' title='bbox 1008 469 1074 510; x_wconf 91' lang='lat' dir='ltr'>rem</span> <span class='ocrx_word' id='word_1_21' title='bbox 1089 468 1173 529; x_wconf 92' lang='lat' dir='ltr'>sper·</span> 
     </span>
     <span class='ocr_line' id='line_1_4' title="bbox 127 531 1172 612; baseline -0.001 -17"><span class='ocrx_word' id='word_1_22' title='bbox 127 537 251 597; x_wconf 78' lang='lat' dir='ltr'>neudum</span> <span class='ocrx_word' id='word_1_23' title='bbox 277 545 374 611; x_wconf 87' lang='lat' dir='ltr'>ratas,</span> <span class='ocrx_word' id='word_1_24' title='bbox 403 533 547 612; x_wconf 73' lang='lat' dir='ltr'><strong>disposuit</strong></span> <span class='ocrx_word' id='word_1_25' title='bbox 573 533 603 592; x_wconf 92' lang='lat' dir='ltr'>in</span> <span class='ocrx_word' id='word_1_26' title='bbox 630 533 741 594; x_wconf 77' lang='lat' dir='ltr'>insidiis</span> <span class='ocrx_word' id='word_1_27' title='bbox 763 531 952 594; x_wconf 76' lang='lat' dir='ltr'>lectissimam</span> <span class='ocrx_word' id='word_1_28' title='bbox 970 551 1092 594; x_wconf 90' lang='lat' dir='ltr'>suornm</span> <span class='ocrx_word' id='word_1_29' title='bbox 1114 553 1172 594; x_wconf 87' lang='lat' dir='ltr'>ma-</span> 
     </span>
     <span class='ocr_line' id='line_1_5' title="bbox 127 614 1173 696; baseline -0.002 -16"><span class='ocrx_word' id='word_1_30' title='bbox 127 639 205 680; x_wconf 88' lang='lat' dir='ltr'>num.</span> <span class='ocrx_word' id='word_1_31' title='bbox 249 619 297 680; x_wconf 89' lang='lat' dir='ltr'>llb</span> <span class='ocrx_word' id='word_1_32' title='bbox 325 635 362 680; x_wconf 89' lang='lat' dir='ltr'>ea</span> <span class='ocrx_word' id='word_1_33' title='bbox 381 617 457 679; x_wconf 85' lang='lat' dir='ltr'>Galli</span> <span class='ocrx_word' id='word_1_34' title='bbox 484 618 603 696; x_wconf 86' lang='lat' dir='ltr'>excepti</span> <span class='ocrx_word' id='word_1_35' title='bbox 627 618 784 696; x_wconf 76' lang='lat' dir='ltr'>dupliciter</span> <span class='ocrx_word' id='word_1_36' title='bbox 802 614 952 676; x_wconf 90' lang='lat' dir='ltr'>Hannonis</span> <span class='ocrx_word' id='word_1_37' title='bbox 975 618 1102 678; x_wconf 88' lang='lat' dir='ltr'>consilio</span> <span class='ocrx_word' id='word_1_38' title='bbox 1127 635 1173 678; x_wconf 91' lang='lat' dir='ltr'>sa·</span> 
     </span>
     <span class='ocr_line' id='line_1_6' title="bbox 124 699 1174 780; baseline -0.004 -16"><span class='ocrx_word' id='word_1_39' title='bbox 124 705 310 780; x_wconf 89' lang='lat' dir='ltr'>tisleeeraut,</span> <span class='ocrx_word' id='word_1_40' title='bbox 335 711 366 763; x_wconf 90' lang='lat' dir='ltr'>et</span> <span class='ocrx_word' id='word_1_41' title='bbox 392 719 431 764; x_wconf 83' lang='lat' dir='ltr'>ex</span> <span class='ocrx_word' id='word_1_42' title='bbox 456 701 594 763; x_wconf 76' lang='lat' dir='ltr'>Hominis</span> <span class='ocrx_word' id='word_1_43' title='bbox 622 718 706 762; x_wconf 90' lang='lat' dir='ltr'>raros</span> <span class='ocrx_word' id='word_1_44' title='bbox 739 699 909 761; x_wconf 84' lang='lat' dir='ltr'>ceciderunt</span> <span class='ocrx_word' id='word_1_45' title='bbox 942 709 971 760; x_wconf 88' lang='lat' dir='ltr'>et</span> <span class='ocrx_word' id='word_1_46' title='bbox 994 703 1051 780; x_wconf 91' lang='lat' dir='ltr'>ipsi</span> <span class='ocrx_word' id='word_1_47' title='bbox 1072 718 1174 762; x_wconf 88' lang='lat' dir='ltr'>omnes</span> 
     </span>
     <span class='ocr_line' id='line_1_7' title="bbox 126 787 371 848; baseline 0 -1"><span class='ocrx_word' id='word_1_48' title='bbox 126 787 275 848; x_wconf 89' lang='lat' dir='ltr'>interlecti</span> <span class='ocrx_word' id='word_1_49' title='bbox 295 795 371 847; x_wconf 88' lang='lat' dir='ltr'>suot.</span> 
     </span>
    </p>

    <p class='ocr_par' dir='ltr' id='par_1_3' title="bbox 127 867 1172 1451">
     <span class='ocr_line' id='line_1_8' title="bbox 212 867 1171 947; baseline -0.001 -16"><span class='ocrx_word' id='word_1_50' title='bbox 212 872 241 934; x_wconf 88' lang='lat'>4.</span> <span class='ocrx_word' id='word_1_51' title='bbox 282 868 425 932; x_wconf 73' lang='lat' dir='ltr'>Hannibal</span> <span class='ocrx_word' id='word_1_52' title='bbox 452 868 537 930; x_wconf 86' lang='lat' dir='ltr'>simili</span> <span class='ocrx_word' id='word_1_53' title='bbox 564 867 688 930; x_wconf 89' lang='lat' dir='ltr'>consilio</span> <span class='ocrx_word' id='word_1_54' title='bbox 715 885 749 929; x_wconf 91' lang='lat' dir='ltr'>se</span> <span class='ocrx_word' id='word_1_55' title='bbox 776 887 792 929; x_wconf 91' lang='lat' dir='ltr'>a</span> <span class='ocrx_word' id='word_1_56' title='bbox 822 868 982 947; x_wconf 79' lang='lat' dir='ltr'>transfugis</span> <span class='ocrx_word' id='word_1_57' title='bbox 1008 869 1088 930; x_wconf 87' lang='lat' dir='ltr'>ultus</span> <span class='ocrx_word' id='word_1_58' title='bbox 1117 879 1171 930; x_wconf 85' lang='lat' dir='ltr'>est</span> 
     </span>
     <span class='ocr_line' id='line_1_9' title="bbox 127 950 1172 1033; baseline 0.002 -19"><span class='ocrx_word' id='word_1_59' title='bbox 127 953 200 1016; x_wconf 87' lang='lat' dir='ltr'>Nam</span> <span class='ocrx_word' id='word_1_60' title='bbox 227 973 293 1014; x_wconf 89' lang='lat' dir='ltr'>eom</span> <span class='ocrx_word' id='word_1_61' title='bbox 319 953 435 1032; x_wconf 89' lang='lat' dir='ltr'>aliquos</span> <span class='ocrx_word' id='word_1_62' title='bbox 462 971 502 1012; x_wconf 87' lang='lat' dir='ltr'>ex</span> <span class='ocrx_word' id='word_1_63' title='bbox 527 950 665 1012; x_wconf 72' lang='lat' dir='ltr'>militibus</span> <span class='ocrx_word' id='word_1_64' title='bbox 683 951 743 1011; x_wconf 89' lang='lat' dir='ltr'>sois</span> <span class='ocrx_word' id='word_1_65' title='bbox 765 953 855 1013; x_wconf 87' lang='lat' dir='ltr'>sciret</span> <span class='ocrx_word' id='word_1_66' title='bbox 874 955 1014 1013; x_wconf 78' lang='lat' dir='ltr'>transisse</span> <span class='ocrx_word' id='word_1_67' title='bbox 1039 955 1172 1033; x_wconf 85' lang='lat' dir='ltr'>proxima</span> 
     </span>
     <span class='ocr_line' id='line_1_10' title="bbox 128 1035 1171 1116; baseline -0.001 -18"><span class='ocrx_word' id='word_1_68' title='bbox 128 1047 233 1115; x_wconf 88' lang='lat' dir='ltr'>nocte,</span> <span class='ocrx_word' id='word_1_69' title='bbox 249 1055 306 1098; x_wconf 90' lang='lat' dir='ltr'>nee</span> <span class='ocrx_word' id='word_1_70' title='bbox 318 1037 469 1115; x_wconf 77' lang='lat' dir='ltr'>ignoraret</span> <span class='ocrx_word' id='word_1_71' title='bbox 483 1037 688 1116; x_wconf 75' lang='lat' dir='ltr'>exploratores</span> <span class='ocrx_word' id='word_1_72' title='bbox 704 1035 828 1097; x_wconf 91' lang='lat' dir='ltr'>hostium</span> <span class='ocrx_word' id='word_1_73' title='bbox 844 1037 872 1094; x_wconf 91' lang='lat' dir='ltr'>iu</span> <span class='ocrx_word' id='word_1_74' title='bbox 888 1037 993 1097; x_wconf 88' lang='lat' dir='ltr'>castris</span> <span class='ocrx_word' id='word_1_75' title='bbox 1011 1039 1072 1096; x_wconf 90' lang='lat' dir='ltr'>suis</span> <span class='ocrx_word' id='word_1_76' title='bbox 1093 1056 1171 1113; x_wconf 88' lang='lat' dir='ltr'>esse,</span> 
     </span>
     <span class='ocr_line' id='line_1_11' title="bbox 127 1119 1172 1203; baseline 0 -21"><span class='ocrx_word' id='word_1_77' title='bbox 127 1121 225 1203; x_wconf 90' lang='lat' dir='ltr'>palam</span> <span class='ocrx_word' id='word_1_78' title='bbox 248 1121 460 1203; x_wconf 85' lang='lat' dir='ltr'>pronuntiavit,</span> <span class='ocrx_word' id='word_1_79' title='bbox 483 1137 541 1180; x_wconf 92' lang='lat' dir='ltr'>oorr</span> <span class='ocrx_word' id='word_1_80' title='bbox 559 1119 670 1180; x_wconf 90' lang='lat' dir='ltr'>debere</span> <span class='ocrx_word' id='word_1_81' title='bbox 692 1121 858 1198; x_wconf 79' lang='lat' dir='ltr'>transfugas</span> <span class='ocrx_word' id='word_1_82' title='bbox 874 1121 977 1182; x_wconf 88' lang='lat' dir='ltr'>vocari</span> <span class='ocrx_word' id='word_1_83' title='bbox 999 1120 1172 1182; x_wconf 90' lang='lat' dir='ltr'>sollertissi-</span> 
     </span>
     <span class='ocr_line' id='line_1_12' title="bbox 128 1204 1172 1284; baseline -0.002 -18"><span class='ocrx_word' id='word_1_84' title='bbox 128 1223 193 1266; x_wconf 88' lang='lat' dir='ltr'>mos</span> <span class='ocrx_word' id='word_1_85' title='bbox 213 1206 336 1280; x_wconf 90' lang='lat' dir='ltr'>milites,</span> <span class='ocrx_word' id='word_1_86' title='bbox 365 1204 414 1283; x_wconf 86' lang='lat' dir='ltr'>qui</span> <span class='ocrx_word' id='word_1_87' title='bbox 432 1205 523 1284; x_wconf 91' lang='lat' dir='ltr'>ipsius</span> <span class='ocrx_word' id='word_1_88' title='bbox 544 1205 625 1264; x_wconf 92' lang='lat' dir='ltr'>iussu</span> <span class='ocrx_word' id='word_1_89' title='bbox 648 1205 774 1266; x_wconf 84' lang='lat' dir='ltr'>exierint</span> <span class='ocrx_word' id='word_1_90' title='bbox 793 1205 828 1265; x_wconf 92' lang='lat' dir='ltr'>ad</span> <span class='ocrx_word' id='word_1_91' title='bbox 847 1204 1021 1283; x_wconf 82' lang='lat' dir='ltr'>excipienda</span> <span class='ocrx_word' id='word_1_92' title='bbox 1044 1205 1172 1264; x_wconf 90' lang='lat' dir='ltr'>hostium</span> 
     </span>
     <span class='ocr_line' id='line_1_13' title="bbox 129 1287 1170 1367; baseline -0.004 -15"><span class='ocrx_word' id='word_1_93' title='bbox 129 1289 262 1352; x_wconf 89' lang='lat' dir='ltr'>consilia</span> <span class='ocrx_word' id='word_1_94' title='bbox 305 1289 420 1350; x_wconf 81' lang='lat' dir='ltr'>Auditis</span> <span class='ocrx_word' id='word_1_95' title='bbox 444 1305 519 1367; x_wconf 89' lang='lat' dir='ltr'>quae</span> <span class='ocrx_word' id='word_1_96' title='bbox 542 1289 754 1367; x_wconf 85' lang='lat' dir='ltr'>pronuntiavit,</span> <span class='ocrx_word' id='word_1_97' title='bbox 776 1287 938 1348; x_wconf 88' lang='lat' dir='ltr'>retulerunt</span> <span class='ocrx_word' id='word_1_98' title='bbox 959 1289 1170 1367; x_wconf 84' lang='lat' dir='ltr'>exploratores</span> 
     </span>
     <span class='ocr_line' id='line_1_14' title="bbox 128 1371 1171 1451; baseline -0.001 -16"><span class='ocrx_word' id='word_1_99' title='bbox 128 1374 166 1436; x_wconf 92' lang='lat' dir='ltr'>ad</span> <span class='ocrx_word' id='word_1_100' title='bbox 190 1389 271 1435; x_wconf 89' lang='lat' dir='ltr'>suos.</span> <span class='ocrx_word' id='word_1_101' title='bbox 316 1372 387 1434; x_wconf 86' lang='lat' dir='ltr'>&#39;lum</span> <span class='ocrx_word' id='word_1_102' title='bbox 410 1372 614 1451; x_wconf 87' lang='lat' dir='ltr'>comprehensi</span> <span class='ocrx_word' id='word_1_103' title='bbox 643 1372 680 1432; x_wconf 86' lang='lat' dir='ltr'>ab</span> <span class='ocrx_word' id='word_1_104' title='bbox 705 1371 843 1433; x_wconf 86' lang='lat' dir='ltr'>Romanis</span> <span class='ocrx_word' id='word_1_105' title='bbox 872 1373 1043 1449; x_wconf 79' lang='lat' dir='ltr'>transfugae</span> <span class='ocrx_word' id='word_1_106' title='bbox 1064 1382 1096 1433; x_wconf 90' lang='lat' dir='ltr'>et</span> <span class='ocrx_word' id='word_1_107' title='bbox 1116 1391 1171 1434; x_wconf 89' lang='lat' dir='ltr'>am·</span> 
     </span>
    </p>
   </div>
   <div class='ocr_carea' id='block_1_3' title="bbox 126 1456 1173 1955">
    <p class='ocr_par' dir='ltr' id='par_1_4' title="bbox 126 1456 612 1538">
     <span class='ocr_line' id='line_1_15' title="bbox 126 1456 612 1538; baseline -0.006 -19"><span class='ocrx_word' id='word_1_108' title='bbox 126 1459 234 1538; x_wconf 89' lang='lat' dir='ltr'>putatis</span> <span class='ocrx_word' id='word_1_109' title='bbox 252 1456 383 1520; x_wconf 85' lang='lat' dir='ltr'>munibus</span> <span class='ocrx_word' id='word_1_110' title='bbox 402 1458 518 1518; x_wconf 87' lang='lat' dir='ltr'>remissi</span> <span class='ocrx_word' id='word_1_111' title='bbox 537 1465 612 1520; x_wconf 91' lang='lat' dir='ltr'>sont.</span> 
     </span>
    </p>

    <p class='ocr_par' dir='ltr' id='par_1_5' title="bbox 126 1537 1173 1955">
     <span class='ocr_line' id='line_1_16' title="bbox 214 1537 1172 1619; baseline -0.003 -16"><span class='ocrx_word' id='word_1_112' title='bbox 214 1543 245 1602; x_wconf 86' lang='grc'>5.</span> <span class='ocrx_word' id='word_1_113' title='bbox 284 1541 448 1617; x_wconf 81' lang='lat' dir='ltr'>Diodorus,</span> <span class='ocrx_word' id='word_1_114' title='bbox 467 1558 533 1600; x_wconf 91' lang='lat' dir='ltr'>eum</span> <span class='ocrx_word' id='word_1_115' title='bbox 548 1539 696 1618; x_wconf 90' lang='lat' dir='ltr'>praesidio</span> <span class='ocrx_word' id='word_1_116' title='bbox 718 1537 910 1619; x_wconf 77' lang='lat' dir='ltr'>Amphipolin</span> <span class='ocrx_word' id='word_1_117' title='bbox 921 1548 1053 1599; x_wconf 89' lang='lat' dir='ltr'>tueretur</span> <span class='ocrx_word' id='word_1_118' title='bbox 1068 1549 1101 1599; x_wconf 90' lang='lat' dir='ltr'>et</span> <span class='ocrx_word' id='word_1_119' title='bbox 1115 1538 1172 1600; x_wconf 93' lang='lat' dir='ltr'>duo</span> 
     </span>
     <span class='ocr_line' id='line_1_17' title="bbox 126 1622 1173 1703; baseline -0.004 -17"><span class='ocrx_word' id='word_1_120' title='bbox 126 1627 205 1689; x_wconf 90' lang='lat' dir='ltr'>milia</span> <span class='ocrx_word' id='word_1_121' title='bbox 227 1626 370 1688; x_wconf 84' lang='lat' dir='ltr'>Thracum</span> <span class='ocrx_word' id='word_1_122' title='bbox 393 1634 532 1703; x_wconf 88' lang='lat' dir='ltr'>suspecta</span> <span class='ocrx_word' id='word_1_123' title='bbox 549 1623 689 1699; x_wconf 86' lang='lat' dir='ltr'>haberet,</span> <span class='ocrx_word' id='word_1_124' title='bbox 714 1641 789 1702; x_wconf 88' lang='lat' dir='ltr'>qaae</span> <span class='ocrx_word' id='word_1_125' title='bbox 809 1622 981 1684; x_wconf 84' lang='lat' dir='ltr'>videbantur</span> <span class='ocrx_word' id='word_1_126' title='bbox 1002 1622 1110 1683; x_wconf 87' lang='lat' dir='ltr'>urbem</span> <span class='ocrx_word' id='word_1_127' title='bbox 1131 1624 1173 1684; x_wconf 91' lang='lat' dir='ltr'>di·</span> 
     </span>
     <span class='ocr_line' id='line_1_18' title="bbox 127 1707 1171 1790; baseline -0.004 -20"><span class='ocrx_word' id='word_1_128' title='bbox 127 1721 264 1790; x_wconf 81' lang='lat' dir='ltr'>reptare,</span> <span class='ocrx_word' id='word_1_129' title='bbox 292 1710 430 1769; x_wconf 87' lang='lat' dir='ltr'>mentitus</span> <span class='ocrx_word' id='word_1_130' title='bbox 457 1716 504 1768; x_wconf 90' lang='lat' dir='ltr'>est</span> <span class='ocrx_word' id='word_1_131' title='bbox 526 1725 637 1785; x_wconf 88' lang='lat' dir='ltr'>paucas</span> <span class='ocrx_word' id='word_1_132' title='bbox 666 1707 791 1768; x_wconf 89' lang='lat' dir='ltr'>hostium</span> <span class='ocrx_word' id='word_1_133' title='bbox 811 1724 902 1767; x_wconf 80' lang='lat' dir='ltr'>naves</span> <span class='ocrx_word' id='word_1_134' title='bbox 925 1708 1062 1786; x_wconf 87' lang='lat' dir='ltr'>proximo</span> <span class='ocrx_word' id='word_1_135' title='bbox 1092 1707 1171 1766; x_wconf 89' lang='lat' dir='ltr'>litori</span> 
     </span>
     <span class='ocr_line' id='line_1_19' title="bbox 126 1790 1173 1873; baseline -0.005 -18"><span class='ocrx_word' id='word_1_136' title='bbox 126 1795 306 1873; x_wconf 80' lang='lat' dir='ltr'>adplicuisse</span> <span class='ocrx_word' id='word_1_137' title='bbox 323 1809 434 1868; x_wconf 80' lang='lat' dir='ltr'>easque</span> <span class='ocrx_word' id='word_1_138' title='bbox 455 1791 540 1868; x_wconf 84' lang='lat' dir='ltr'>diripi</span> <span class='ocrx_word' id='word_1_139' title='bbox 561 1807 662 1871; x_wconf 89' lang='lat' dir='ltr'>posse.</span> <span class='ocrx_word' id='word_1_140' title='bbox 708 1792 777 1868; x_wconf 81' lang='lat' dir='ltr'>Qua</span> <span class='ocrx_word' id='word_1_141' title='bbox 791 1809 846 1868; x_wconf 89' lang='lat' dir='ltr'>spe</span> <span class='ocrx_word' id='word_1_142' title='bbox 862 1790 1025 1852; x_wconf 87' lang='lat' dir='ltr'>stimulatos</span> <span class='ocrx_word' id='word_1_143' title='bbox 1041 1791 1173 1852; x_wconf 87' lang='lat' dir='ltr'>Thracas</span> 
     </span>
     <span class='ocr_line' id='line_1_20' title="bbox 128 1874 875 1955; baseline -0.005 -17"><span class='ocrx_word' id='word_1_144' title='bbox 128 1878 223 1938; x_wconf 92' lang='lat' dir='ltr'>emislt</span> <span class='ocrx_word' id='word_1_145' title='bbox 244 1894 280 1938; x_wconf 89' lang='lat' dir='ltr'>ac</span> <span class='ocrx_word' id='word_1_146' title='bbox 299 1874 405 1936; x_wconf 89' lang='lat' dir='ltr'>deiude</span> <span class='ocrx_word' id='word_1_147' title='bbox 427 1874 536 1935; x_wconf 90' lang='lat' dir='ltr'>clausis</span> <span class='ocrx_word' id='word_1_148' title='bbox 556 1876 652 1954; x_wconf 91' lang='lat' dir='ltr'>portis</span> <span class='ocrx_word' id='word_1_149' title='bbox 672 1893 731 1938; x_wconf 90' lang='lat' dir='ltr'>non</span> <span class='ocrx_word' id='word_1_150' title='bbox 752 1877 875 1955; x_wconf 89' lang='lat' dir='ltr'>recepit.</span> 
     </span>
    </p>
   </div>
   <div class='ocr_carea' id='block_1_4' title="bbox 477 2043 817 2226">
    <p class='ocr_par' dir='ltr' id='par_1_6' title="bbox 477 2043 817 2226">
     <span class='ocr_line' id='line_1_21' title="bbox 499 2043 786 2107; baseline -0.003 -2"><span class='ocrx_word' id='word_1_151' title='bbox 499 2043 651 2107; x_wconf 76' lang='lat' dir='ltr'>carot</span> <span class='ocrx_word' id='word_1_152' title='bbox 679 2044 786 2107; x_wconf 85' lang='lat' dir='ltr'>xv11.</span> 
     </span>
     <span class='ocr_line' id='line_1_22' title="bbox 477 2173 817 2226; baseline 0.003 -3"><span class='ocrx_word' id='word_1_153' title='bbox 477 2176 525 2224; x_wconf 83' lang='lat' dir='ltr'>aa</span> <span class='ocrx_word' id='word_1_154' title='bbox 550 2173 817 2226; x_wconf 80' lang='lat' dir='ltr'>aaarraorueus.</span> 
     </span>
    </p>
   </div>
   <div class='ocr_carea' id='block_1_5' title="bbox 126 2297 1175 3552">
    <p class='ocr_par' dir='ltr' id='par_1_7' title="bbox 126 2297 1173 2693">
     <span class='ocr_line' id='line_1_23' title="bbox 215 2297 1171 2380; baseline -0.002 -20"><span class='ocrx_word' id='word_1_155' title='bbox 215 2306 243 2360; x_wconf 90' lang='lat'>1.</span> <span class='ocrx_word' id='word_1_156' title='bbox 282 2299 420 2377; x_wconf 84' lang='lat' dir='ltr'>Humani,</span> <span class='ocrx_word' id='word_1_157' title='bbox 455 2301 505 2380; x_wconf 81' lang='lat' dir='ltr'>qui</span> <span class='ocrx_word' id='word_1_158' title='bbox 532 2300 562 2359; x_wconf 92' lang='lat' dir='ltr'>in</span> <span class='ocrx_word' id='word_1_159' title='bbox 595 2297 745 2374; x_wconf 87' lang='lat' dir='ltr'>praesidio</span> <span class='ocrx_word' id='word_1_160' title='bbox 778 2297 1042 2360; x_wconf 83' lang='lat' dir='ltr'>Panormitanorum</span> <span class='ocrx_word' id='word_1_161' title='bbox 1079 2308 1171 2373; x_wconf 87' lang='lat' dir='ltr'>eraut,</span> 
     </span>
     <span class='ocr_line' id='line_1_24' title="bbox 128 2345 1173 2460; baseline -0.005 -15"><span class='ocrx_word' id='word_1_162' title='bbox 128 2387 267 2446; x_wconf 84' lang='lat' dir='ltr'>veniente</span> <span class='ocrx_word' id='word_1_163' title='bbox 293 2386 329 2447; x_wconf 91' lang='lat' dir='ltr'>ad</span> <span class='ocrx_word' id='word_1_164' title='bbox 358 2345 540 2445; x_wconf 73' lang='lat' dir='ltr'>obsidionem</span> <span class='ocrx_word' id='word_1_165' title='bbox 569 2380 768 2460; x_wconf 90' lang='lat' dir='ltr'>Hasdrubale,</span> <span class='ocrx_word' id='word_1_166' title='bbox 798 2401 882 2443; x_wconf 87' lang='lat' dir='ltr'>raros</span> <span class='ocrx_word' id='word_1_167' title='bbox 910 2401 948 2443; x_wconf 89' lang='lat' dir='ltr'>ex</span> <span class='ocrx_word' id='word_1_168' title='bbox 974 2382 1153 2442; x_wconf 86' lang='lat' dir='ltr'>industria</span> <span class='ocrx_word' id='word_1_169' title='bbox 1144 2401 1173 2441; x_wconf 93' lang='grc' dir='ltr'>ιιι</span> 
     </span>
     <span class='ocr_line' id='line_1_25' title="bbox 127 2465 1173 2566; baseline -0.004 -38"><span class='ocrx_word' id='word_1_170' title='bbox 127 2471 218 2528; x_wconf 88' lang='lat' dir='ltr'>muris</span> <span class='ocrx_word' id='word_1_171' title='bbox 228 2477 393 2566; x_wconf 83' lang='lat' dir='ltr'>posuerunt</span> <span class='ocrx_word' id='word_1_172' title='bbox 410 2465 599 2527; x_wconf 75' lang='lat' dir='ltr'>defensores:</span> <span class='ocrx_word' id='word_1_173' title='bbox 623 2481 744 2541; x_wconf 83' lang='lat' dir='ltr'>quorum</span> <span class='ocrx_word' id='word_1_174' title='bbox 760 2468 906 2545; x_wconf 88' lang='lat' dir='ltr'>paucitate</span> <span class='ocrx_word' id='word_1_175' title='bbox 920 2475 1090 2544; x_wconf 87' lang='lat' dir='ltr'>contempta</span> <span class='ocrx_word' id='word_1_176' title='bbox 1109 2484 1173 2528; x_wconf 91' lang='lat' dir='ltr'>com</span> 
     </span>
     <span class='ocr_line' id='line_1_26' title="bbox 127 2546 1173 2630; baseline 0 -21"><span class='ocrx_word' id='word_1_177' title='bbox 127 2551 271 2610; x_wconf 87' lang='lat' dir='ltr'>incautius</span> <span class='ocrx_word' id='word_1_178' title='bbox 295 2551 385 2609; x_wconf 92' lang='lat' dir='ltr'>muris</span> <span class='ocrx_word' id='word_1_179' title='bbox 413 2547 590 2609; x_wconf 87' lang='lat' dir='ltr'>succederet</span> <span class='ocrx_word' id='word_1_180' title='bbox 610 2546 775 2610; x_wconf 87' lang='lat' dir='ltr'>Hasdrubal</span> <span class='ocrx_word' id='word_1_181' title='bbox 783 2553 968 2630; x_wconf 87' lang='lat' dir='ltr'>,eruptione</span> <span class='ocrx_word' id='word_1_182' title='bbox 989 2550 1068 2610; x_wconf 89' lang='lat' dir='ltr'>lacta</span> <span class='ocrx_word' id='word_1_183' title='bbox 1093 2552 1173 2611; x_wconf 90' lang='lat' dir='ltr'>ceci·</span> 
     </span>
     <span class='ocr_line' id='line_1_27' title="bbox 126 2633 325 2693; baseline -0.016 0"><span class='ocrx_word' id='word_1_184' title='bbox 126 2633 231 2693; x_wconf 86' lang='lat' dir='ltr'>derunt</span> <span class='ocrx_word' id='word_1_185' title='bbox 251 2649 325 2693; x_wconf 86' lang='lat' dir='ltr'>eoru.</span> 
     </span>
    </p>

    <p class='ocr_par' dir='ltr' id='par_1_8' title="bbox 126 2713 1175 3048">
     <span class='ocr_line' id='line_1_28' title="bbox 213 2713 1174 2796; baseline 0.004 -24"><span class='ocrx_word' id='word_1_186' title='bbox 213 2713 244 2772; x_wconf 83' lang='lat'><strong>2</strong></span> <span class='ocrx_word' id='word_1_187' title='bbox 288 2714 429 2776; x_wconf 78' lang='lat' dir='ltr'>Aemilius</span> <span class='ocrx_word' id='word_1_188' title='bbox 446 2715 581 2792; x_wconf 83' lang='lat' dir='ltr'>Paullus,</span> <span class='ocrx_word' id='word_1_189' title='bbox 608 2717 752 2790; x_wconf 82' lang='lat' dir='ltr'>universis</span> <span class='ocrx_word' id='word_1_190' title='bbox 773 2716 926 2794; x_wconf 78' lang='lat' dir='ltr'>liguribus</span> <span class='ocrx_word' id='word_1_191' title='bbox 953 2737 991 2778; x_wconf 87' lang='lat' dir='ltr'>ex</span> <span class='ocrx_word' id='word_1_192' title='bbox 1008 2719 1174 2796; x_wconf 86' lang='lat' dir='ltr'>improviso</span> 
     </span>
     <span class='ocr_line' id='line_1_29' title="bbox 126 2761 1173 2877; baseline 0 -17"><span class='ocrx_word' id='word_1_193' title='bbox 126 2798 238 2860; x_wconf 88' lang='lat' dir='ltr'>adortis</span> <span class='ocrx_word' id='word_1_194' title='bbox 266 2807 362 2861; x_wconf 88' lang='lat' dir='ltr'>castra</span> <span class='ocrx_word' id='word_1_195' title='bbox 389 2801 470 2877; x_wconf 88' lang='lat' dir='ltr'>eius,</span> <span class='ocrx_word' id='word_1_196' title='bbox 496 2761 630 2861; x_wconf 88' lang='lat' dir='ltr'>simulato</span> <span class='ocrx_word' id='word_1_197' title='bbox 658 2803 761 2862; x_wconf 90' lang='lat' dir='ltr'>timore</span> <span class='ocrx_word' id='word_1_198' title='bbox 790 2802 910 2862; x_wconf 88' lang='lat' dir='ltr'>militem</span> <span class='ocrx_word' id='word_1_199' title='bbox 938 2803 985 2864; x_wconf 94' lang='lat' dir='ltr'>diu</span> <span class='ocrx_word' id='word_1_200' title='bbox 1013 2804 1173 2870; x_wconf 90' lang='lat' dir='ltr'>continuit;</span> 
     </span>
     <span class='ocr_line' id='line_1_30' title="bbox 127 2883 1175 2965; baseline 0 -19"><span class='ocrx_word' id='word_1_201' title='bbox 127 2883 234 2946; x_wconf 91' lang='lat' dir='ltr'>deinde</span> <span class='ocrx_word' id='word_1_202' title='bbox 260 2883 382 2962; x_wconf 76' lang='lat' dir='ltr'>latiguto</span> <span class='ocrx_word' id='word_1_203' title='bbox 415 2887 472 2946; x_wconf 88' lang='lat' dir='ltr'>iam</span> <span class='ocrx_word' id='word_1_204' title='bbox 496 2885 599 2963; x_wconf 89' lang='lat' dir='ltr'>hoste,</span> <span class='ocrx_word' id='word_1_205' title='bbox 626 2894 761 2963; x_wconf 85' lang='lat' dir='ltr'>quattuor</span> <span class='ocrx_word' id='word_1_206' title='bbox 787 2888 880 2964; x_wconf 88' lang='lat' dir='ltr'>portis</span> <span class='ocrx_word' id='word_1_207' title='bbox 909 2886 1064 2965; x_wconf 86' lang='lat' dir='ltr'>eruptione</span> <span class='ocrx_word' id='word_1_208' title='bbox 1094 2887 1175 2946; x_wconf 87' lang='lat' dir='ltr'>lacta</span> 
     </span>
     <span class='ocr_line' id='line_1_31' title="bbox 127 2968 541 3048; baseline -0.005 -18"><span class='ocrx_word' id='word_1_209' title='bbox 127 2970 230 3030; x_wconf 74' lang='lat' dir='ltr'>amavit</span> <span class='ocrx_word' id='word_1_210' title='bbox 247 2971 385 3048; x_wconf 84' lang='lat' dir='ltr'>cepitque</span> <span class='ocrx_word' id='word_1_211' title='bbox 406 2968 541 3047; x_wconf 78' lang='lat' dir='ltr'>Ligures.</span> 
     </span>
    </p>

    <p class='ocr_par' dir='ltr' id='par_1_9' title="bbox 126 3051 1173 3378">
     <span class='ocr_line' id='line_1_32' title="bbox 213 3051 1173 3131; baseline -0.003 -17"><span class='ocrx_word' id='word_1_212' title='bbox 213 3053 243 3118; x_wconf 85' lang='lat'>3.</span> <span class='ocrx_word' id='word_1_213' title='bbox 286 3053 383 3115; x_wconf 82' lang='lat' dir='ltr'>Livius</span> <span class='ocrx_word' id='word_1_214' title='bbox 402 3053 573 3131; x_wconf 87' lang='lat' dir='ltr'>praelectus</span> <span class='ocrx_word' id='word_1_215' title='bbox 593 3051 804 3129; x_wconf 86' lang='lat' dir='ltr'>Romanorum,</span> <span class='ocrx_word' id='word_1_216' title='bbox 827 3071 925 3114; x_wconf 85' lang='lat' dir='ltr'>arcem</span> <span class='ocrx_word' id='word_1_217' title='bbox 947 3052 1173 3114; x_wconf 84' lang='lat' dir='ltr'>Tarentinorum</span> 
     </span>
     <span class='ocr_line' id='line_1_33' title="bbox 126 3135 1173 3215; baseline -0.002 -18"><span class='ocrx_word' id='word_1_218' title='bbox 126 3148 249 3214; x_wconf 90' lang='lat' dir='ltr'>tenens,</span> <span class='ocrx_word' id='word_1_219' title='bbox 271 3140 348 3198; x_wconf 90' lang='lat' dir='ltr'>misit</span> <span class='ocrx_word' id='word_1_220' title='bbox 364 3138 400 3198; x_wconf 93' lang='lat' dir='ltr'>ad</span> <span class='ocrx_word' id='word_1_221' title='bbox 417 3135 629 3198; x_wconf 82' lang='lat' dir='ltr'>Hasdrubalem</span> <span class='ocrx_word' id='word_1_222' title='bbox 650 3137 782 3215; x_wconf 79' lang='lat' dir='ltr'>legatos,</span> <span class='ocrx_word' id='word_1_223' title='bbox 803 3146 834 3197; x_wconf 88' lang='lat' dir='ltr'>ut</span> <span class='ocrx_word' id='word_1_224' title='bbox 854 3136 935 3198; x_wconf 88' lang='lat' dir='ltr'>abire</span> <span class='ocrx_word' id='word_1_225' title='bbox 952 3138 1008 3197; x_wconf 91' lang='lat' dir='ltr'>sibi</span> <span class='ocrx_word' id='word_1_226' title='bbox 1030 3136 1173 3198; x_wconf 89' lang='lat' dir='ltr'>incolumi</span> 
     </span>
     <span class='ocr_line' id='line_1_34' title="bbox 128 3220 1173 3300; baseline 0 -20"><span class='ocrx_word' id='word_1_227' title='bbox 128 3221 247 3286; x_wconf 80' lang='lat' dir='ltr'>liceret:</span> <span class='ocrx_word' id='word_1_228' title='bbox 275 3231 306 3281; x_wconf 90' lang='lat' dir='ltr'>et</span> <span class='ocrx_word' id='word_1_229' title='bbox 330 3239 366 3281; x_wconf 87' lang='lat' dir='ltr'>ea</span> <span class='ocrx_word' id='word_1_230' title='bbox 384 3220 567 3280; x_wconf 87' lang='lat' dir='ltr'>simulatione</span> <span class='ocrx_word' id='word_1_231' title='bbox 589 3220 626 3281; x_wconf 87' lang='lat' dir='ltr'>ad</span> <span class='ocrx_word' id='word_1_232' title='bbox 650 3223 836 3282; x_wconf 89' lang='lat' dir='ltr'>securitatem</span> <span class='ocrx_word' id='word_1_233' title='bbox 859 3223 1032 3300; x_wconf 89' lang='lat' dir='ltr'>perductum</span> <span class='ocrx_word' id='word_1_234' title='bbox 1054 3221 1173 3282; x_wconf 88' lang='lat' dir='ltr'>bostem</span> 
     </span>
     <span class='ocr_line' id='line_1_35' title="bbox 128 3303 520 3378; baseline 0.013 -20"><span class='ocrx_word' id='word_1_235' title='bbox 128 3303 282 3378; x_wconf 89' lang='lat' dir='ltr'>eruptione</span> <span class='ocrx_word' id='word_1_236' title='bbox 303 3304 382 3363; x_wconf 89' lang='lat' dir='ltr'>lacta</span> <span class='ocrx_word' id='word_1_237' title='bbox 403 3304 520 3365; x_wconf 88' lang='lat' dir='ltr'>eccidit</span> 
     </span>
    </p>

    <p class='ocr_par' dir='ltr' id='par_1_10' title="bbox 128 3382 1173 3552">
     <span class='ocr_line' id='line_1_36' title="bbox 214 3382 1173 3464; baseline 0.009 -25"><span class='ocrx_word' id='word_1_238' title='bbox 214 3383 245 3439; x_wconf 98' lang='lat'>4</span> <span class='ocrx_word' id='word_1_239' title='bbox 289 3382 342 3446; x_wconf 82' lang='lat' dir='ltr'>Gn</span> <span class='ocrx_word' id='word_1_240' title='bbox 363 3386 534 3464; x_wconf 86' lang='lat' dir='ltr'>Pompeius,</span> <span class='ocrx_word' id='word_1_241' title='bbox 563 3387 776 3448; x_wconf 84' lang='lat' dir='ltr'>circumsessus</span> <span class='ocrx_word' id='word_1_242' title='bbox 801 3387 837 3448; x_wconf 88' lang='lat' dir='ltr'>ad</span> <span class='ocrx_word' id='word_1_243' title='bbox 858 3386 1090 3463; x_wconf 77' lang='lat' dir='ltr'>Dyrrhachium,</span> <span class='ocrx_word' id='word_1_244' title='bbox 1112 3405 1173 3448; x_wconf 90' lang='lat' dir='ltr'>non</span> 
     </span>
     <span class='ocr_line' id='line_1_37' title="bbox 128 3462 1171 3552; baseline 0.012 -33"><span class='ocrx_word' id='word_1_245' title='bbox 128 3468 238 3522; x_wconf 89' lang='lat' dir='ltr'>tautum</span> <span class='ocrx_word' id='word_1_246' title='bbox 255 3462 409 3526; x_wconf 92' lang='lat' dir='ltr'>obsidione</span> <span class='ocrx_word' id='word_1_247' title='bbox 426 3469 562 3529; x_wconf 86' lang='lat' dir='ltr'>liberavit</span> <span class='ocrx_word' id='word_1_248' title='bbox 573 3486 669 3550; x_wconf 23' lang='lat' dir='ltr'>stauos,</span> <span class='ocrx_word' id='word_1_249' title='bbox 685 3487 785 3530; x_wconf 89' lang='lat' dir='ltr'>verum</span> <span class='ocrx_word' id='word_1_250' title='bbox 806 3472 892 3531; x_wconf 90' lang='lat' dir='ltr'>etiam</span> <span class='ocrx_word' id='word_1_251' title='bbox 912 3481 981 3550; x_wconf 91' lang='lat' dir='ltr'>post</span> <span class='ocrx_word' id='word_1_252' title='bbox 1002 3473 1171 3552; x_wconf 88' lang='lat' dir='ltr'>eruptione,</span> 
     </span>
    </p>
   </div>
   <div class='ocr_carea' id='block_1_6' title="bbox 0 0 1243 3909">
    <p class='ocr_par' dir='ltr' id='par_1_11' title="bbox 0 0 1243 3909">
     <span class='ocr_line' id='line_1_38' title="bbox 0 0 1243 3909; baseline 0 0"><span class='ocrx_word' id='word_1_253' title='bbox 0 0 1243 3909; x_wconf 95' lang='lat' dir='ltr'> </span> 
     </span>
    </p>
   </div>
  </div>
 </body>
</html>
