2475 3909
240 228 587 280 susaunoasasurcou
606 232 676 280 urs.
699 233 745 282 rv.
769 233 845 284 ese.
868 237 928 288 vn.
1070 227 1111 290 93

64 403 167 530 sglrum
187 384 331 464 hostium,
353 387 458 465 quibus
479 385 602 446 subinde
617 389 746 466 praedae
767 389 899 470 lucram,
923 391 999 452 ultro
1022 391 1113 472 depo·

82 472 154 531 uati
173 478 250 529 sunt.

63 489 81 548 p
151 554 202 614 14.
247 550 368 613 cassius
393 555 543 614 onerarias
567 571 673 633 naves,
696 573 754 616 non
779 559 876 636 magni
898 557 934 618 ad
956 558 1013 619 alia
1032 577 1113 638 usus,

62 655 208 697 accensas
231 645 398 716 opportuno
420 645 510 697 veruto
531 639 560 698 iu
583 639 710 700 classem
728 641 854 702 hostium
867 642 944 702 misit
962 650 992 704 et
1015 644 1113 705 iucen-

60 721 111 781 dio
131 739 198 781 eam
221 721 411 798 consumpsit.

152 805 202 864 15.
245 803 284 864 bl.
297 802 394 863 bivine
416 803 483 862 iuso
495 803 679 866 Hasdrubale
702 806 883 868 hortantibus
906 826 970 870 enm
993 810 1112 890 quibos·

60 888 145 964 darn,
170 897 201 947 nt
222 887 338 948 hostem
361 886 397 947 ad
425 889 655 948 internecionem
677 901 920 971 persequeretur,
944 895 1112 973 respondit:

58 971 166 1049 Aliqui
188 981 220 1032 et
240 972 406 1049 supersint,
426 973 476 1049 qui
496 971 534 1032 de
556 975 679 1034 victoria
702 985 802 1036 nostra
822 975 953 1038 hostibus
972 981 1111 1040 nuntient.

151 1055 201 1116 16.
243 1054 344 1133 Scipio
366 1054 522 1114 Africanus
544 1054 645 1116 dicere
671 1060 775 1119 solitus
798 1069 860 1138 est,
883 1060 961 1122 hosti
982 1079 1041 1123 non
1063 1080 1111 1124 so·

59 1138 121 1199 lum
142 1138 268 1199 dandam
286 1156 355 1198 esse
372 1139 449 1198 viam
468 1138 615 1216 iugiendi,
636 1142 690 1202 sed
712 1144 797 1203 etiam
819 1145 1009 1206 muniendam.
1047 1165 1050 1172 ·

149 1224 201 1283 17.
244 1221 358 1282 Paches
379 1222 571 1282 Atheniensis
600 1225 785 1302 adfirmavit,
811 1229 973 1289 incolumes
995 1231 1110 1291 iuturos

54 1305 184 1381 hostes,
210 1307 236 1366 si
263 1306 447 1384 deponerent
473 1307 596 1374 ferrum:
624 1309 727 1386 eisque
756 1309 906 1371 obsecutis
939 1313 1110 1390 conditioni,

53 1391 233 1486 qnivemos,
257 1391 306 1468 qni
327 1391 357 1449 ia
378 1389 490 1467 sagulis
511 1389 626 1451 leneas
647 1391 752 1481 fibulas
774 1391 961 1470 habuissent,
983 1396 1109 1457 interfici

54 1475 157 1533 russit.

150 1555 200 1618 18.
239 1555 420 1632 llasdrubal,
444 1556 671 1634 subigendorum
685 1557 870 1618 Numidarum
886 1575 974 1619 causa
994 1559 1108 1638 lingens

54 1641 176 1716 dolum,
199 1641 349 1717 ingressus
371 1641 444 1700 iinca
467 1657 569 1700 eorum
582 1643 725 1702 resistere
745 1641 914 1720 parantibus
936 1643 1106 1720 adfirmavit,

54 1725 95 1784 ad
114 1725 277 1803 capiendos
298 1743 332 1783 se
351 1725 470 1784 venisse
492 1724 685 1804 elephantos,
709 1725 813 1805 quibus
836 1726 922 1786 ferax
944 1736 990 1788 est
1009 1726 1106 1788 Numi·

53 1808 119 1868 dia:
147 1817 179 1867 ut
205 1807 264 1867 hoc
285 1810 504 1886 permitterent,
533 1810 725 1887 poscentibus
747 1813 935 1874 securitatem
956 1812 1105 1890 promisit;

55 1901 88 1952 et
110 1910 148 1952 ea
172 1893 364 1970 persuasione
386 1900 527 1952 avocatos
549 1893 669 1955 adortus
692 1894 747 1956 sub
770 1893 855 1971 leges
876 1895 1001 1973 redegit.

147 1975 198 2036 19.
241 1974 363 2036 Alcetas
388 1973 654 2052 Lacedaemonius,
683 1988 714 2038 ut
735 1976 1104 2046 Thebanorumconmea-
1153 2011 1157 2038 t

51 2067 116 2118 tum
150 2058 266 2119 iacilius
297 2077 336 2118 ex
360 2059 508 2137 inopinato
533 2061 767 2137 adgrederetur,
793 2063 822 2121 in
848 2062 967 2124 occulto
995 2066 1104 2143 paratis

52 2141 199 2218 navibus,
220 2151 364 2221 tamquam
380 2160 465 2202 uuam
486 2145 601 2204 omniuo
620 2143 743 2204 haberet
762 2145 925 2220 triremem,
947 2147 1059 2208 vicibus
1076 2151 1104 2208 in

53 2244 123 2287 eam
142 2244 205 2286 rem
226 2229 354 2303 remiges
377 2226 555 2286 exercebat:
578 2225 703 2304 quodam
722 2226 829 2287 deinde
844 2235 979 2305 tempore
1003 2247 1104 2290 omnes

50 2328 149 2371 naves
178 2313 207 2370 in
235 2309 391 2370 Thebanos
420 2310 672 2387 transnavigantes
704 2310 819 2371 immisit
842 2319 872 2370 et
895 2312 1104 2374 commeatibus

52 2401 425 2538 eorurqopotrquqlgqqeus
446 2477 588 2538 adversus
609 2477 795 2554 Perdiccam,
825 2479 957 2540 exercitu
980 2495 1102 2556 pracva-

50 2562 182 2637 lentem,
205 2562 271 2639 ipsc
302 2561 462 2637 invalidus,
491 2579 577 2622 omne
611 2563 756 2641 pecudum
788 2581 900 2642 genus,
929 2563 1061 2641 religatis
1086 2583 1103 2624 a

49 2655 140 2722 tergo
171 2662 248 2723 quac
272 2643 421 2704 traherent
443 2647 619 2721 sarmentis,
644 2648 788 2724 agendum
810 2667 865 2728 per
887 2666 999 2727 paucos
1019 2667 1101 2709 cura·

50 2731 92 2788 vit
117 2731 251 2808 equites:
270 2729 334 2806 ipse
353 2745 547 2807 praegressus
565 2747 630 2789 cum
653 2732 747 2808 copiis
762 2749 835 2808 quas
850 2729 976 2793 habebat
992 2733 1101 2806 effecit,

50 2822 82 2872 ut
107 2813 225 2891 pulvis,
250 2829 336 2890 quem
354 2829 466 2890 pecora
485 2814 700 2888 excitaverant,
723 2815 854 2889 speciem
875 2817 971 2891 magni
987 2818 1100 2875 exerci-

50 2904 96 2957 tus
113 2907 266 2964 moveret;
291 2897 371 2957 cuius
389 2897 611 2974 exspectatione
632 2895 763 2954 territum
784 2895 854 2953 vicit
874 2895 998 2956 hostem.

138 2979 191 3039 21.
236 2977 404 3055 Myronides
433 2979 621 3039 Atheniensis
647 2978 787 3038 adversus
815 2975 989 3053 Thebanos,
1017 2979 1099 3058 equi·

48 3071 111 3123 tatu
139 3063 364 3142 praevalentes,
393 3073 571 3143 pugnaturus
600 3063 630 3121 in
660 3063 770 3140 campis
792 3076 863 3120 suos
884 3059 1019 3138 edocuit,
1041 3079 1099 3122 ma·

48 3146 188 3207 uentibus
212 3165 280 3207 esse
300 3165 384 3227 spem
402 3147 529 3226 aliquam
552 3146 670 3222 salutis,
691 3143 861 3205 cedentibus
884 3154 979 3206 autem
1003 3146 1098 3224 perui·

48 3233 127 3291 ciem
157 3249 316 3292 summam:
351 3249 408 3312 qua
434 3232 550 3292 ratione
578 3231 756 3290 confirmatis
782 3227 921 3290 militibus
946 3229 1098 3290 victoriam

49 3323 231 3376 consecutus
248 3325 303 3376 est.
803 3330 805 3334 ‘

136 3398 190 3459 22.
232 3397 264 3458 b.
286 3399 434 3475 Pinarius,
457 3400 486 3457 ia
500 3397 601 3458 Sicilia
616 3397 765 3475 praesidio
779 3394 880 3456 Ennae
897 3383 1095 3477 praepositus,

45 3485 153 3545 claves
180 3491 329 3562 portarum
361 3499 434 3561 quas
460 3499 552 3561 penes
580 3499 614 3541 se
642 3480 770 3542 babebat
790 3481 1016 3562 reposcentibus
1036 3500 1096 3542 ma·
