2475 3909
269 232 615 321 suasrmomfflutcott
636 236 707 293 Iulli.
727 238 750 283 t.
771 236 848 287 GAP.
870 240 893 288 1.
1094 232 1114 291 3

145 390 184 449 V.
209 389 254 449 De
276 389 430 453 eradendo
453 406 491 449 ex
513 390 588 449 locis
611 390 800 453 diiiicillimis.

130 474 184 534 Vl.
207 474 253 533 De
275 473 388 534 insidiis
408 475 437 531 in
458 474 563 533 itinere
581 475 678 535 iactis.

117 558 185 619 vti.
209 557 458 631 Quemadmodum
480 574 531 633 ea,
561 558 665 637 quibus
687 559 854 636 deficimur,
881 561 1034 623 videantur
1056 582 1114 624 non

234 641 361 717 deesse,
382 650 430 701 aut
451 659 520 701 usus
544 660 646 702 eorum
668 644 833 723 expleatur.

106 724 186 784 Vlll.
208 724 253 784 De
277 724 484 801 distringendis
510 726 653 786 bostibus.

136 810 187 869 lX.
210 809 256 868 De
278 809 423 869 seditione
448 810 567 869 militum
589 813 816 888 compescenda.

150 892 188 953 X.
212 892 459 1035 leppmaplmodum
490 896 695 972 intempestiva
726 896 888 975 postulatio
922 916 1038 977 pugnae
1071 902 1113 959 in·

255 994 262 1033 r
287 993 321 1034 ea
336 994 378 1034 ur.

134 1058 186 1119 Xl.
210 1058 457 1132 Quemadmodum
481 1060 644 1121 incitandus
666 1064 704 1122 sit
724 1063 761 1123 ad
785 1065 931 1142 proelium
953 1069 1112 1127 exercitus.

119 1142 185 1201 Xll.
209 1143 255 1202 De
277 1142 465 1203 dissolvendo
488 1152 585 1220 meto,
604 1162 691 1222 quem
711 1147 818 1207 milites
835 1166 874 1207 ex
889 1150 1023 1211 aduersis
1042 1168 1112 1210 eon·

236 1228 366 1305 ceperint
388 1227 542 1309 ominibus.

492 1393 643 1454 CAPUT
667 1394 689 1457 l.

211 1522 228 1539 “
327 1524 375 1571 uu
399 1522 644 1573 occunrnnors
669 1523 852 1574 conamus.

155 1646 183 1703 1.
208 1641 247 1703 ti.
269 1643 391 1703 Poenius
415 1642 489 1706 Gato
511 1646 645 1706 devictas
674 1643 712 1707 ab
739 1664 773 1706 se
794 1646 952 1726 Hispaniae
980 1650 1113 1710 ciuitates

64 1727 253 1789 existimabat
272 1728 301 1786 in
320 1737 454 1807 tempore
468 1729 665 1790 rebellaturus
680 1730 786 1791 liducia
799 1748 957 1791 murorum.
988 1733 1114 1811 Scripsit

59 1814 166 1891 itaque
190 1812 329 1889 singulis⁷
350 1822 382 1873 ut
400 1813 549 1873 diruerent
563 1816 753 1890 munimenta,
771 1816 894 1877 minatus
913 1815 1039 1893 bellum,
1057 1819 1114 1877 nisi

63 1897 224 1957 confestim
247 1894 515 1975 obtemperasscot;
546 1898 749 1977 epistolasque
776 1901 920 1961 universis
948 1900 1113 1963 ciuitatibus

64 1983 172 2041 eodem
203 1980 250 2040 die
273 1974 356 2040 reddi
377 1981 469 2041 iussit.
514 1981 714 2061 Unaquaeque
730 1984 843 2045 urbium
863 1985 919 2046 sibi
940 1986 996 2046 soli
1018 1987 1112 2047 credi·

65 2066 107 2125 dit
124 2066 309 2144 imperatum.
355 2062 550 2126 contumaces
565 2069 744 2143 conspiratio
756 2070 852 2147 potuit
867 2069 986 2146 iacere,
1008 2074 1034 2130 si
1051 2088 1112 2129 om·

64 2149 150 2209 nibus
171 2149 251 2209 idem
273 2148 433 2208 denuntiari
452 2158 551 2209 notum
572 2149 688 2209 luisset.

153 2232 184 2298 2.
206 2231 331 2292 Himilco
352 2233 410 2293 dux
430 2233 612 2309 Poenorum,
634 2240 666 2291 ut
686 2234 715 2292 in
733 2233 862 2293 Siciliam
883 2236 1047 2312 inopinatus
1062 2237 1112 2295 ad-

64 2317 197 2395 pelleret
219 2316 360 2394 classem,
382 2334 440 2377 non
460 2318 673 2396 pronuntiavit,
702 2333 761 2395 quo
783 2316 1036 2400 proficisceretur:
1059 2320 1113 2379 sed

64 2399 213 2477 tabellas,
236 2401 391 2479 inquibus
414 2404 553 2480 scriptum
575 2411 655 2477 erat,
682 2419 767 2480 quam
789 2409 901 2480 partem
920 2401 982 2481 peti
1010 2401 1114 2477 vellet,

66 2486 216 2545 universis
231 2484 477 2562 gubernatoribus
493 2486 573 2546 dedit
587 2487 734 2563 signatas,
749 2488 979 2565 praecepitque,
997 2504 1034 2545 ue
1048 2487 1113 2564 quis

66 2570 205 2645 legeret,
225 2570 280 2628 nisi
294 2571 323 2627 vi
339 2570 521 2648 tempestatis
537 2588 554 2629 a
570 2588 658 2631 cursu
676 2572 844 2649 praetoriae
857 2574 939 2632 navis
959 2570 1112 2632 abductus.

154 2653 185 2714 3.
210 2651 244 2712 G.
267 2652 398 2729 Laelius,
426 2654 462 2713 ad
484 2654 651 2732 Syphacem
678 2653 831 2733 proiectus
854 2655 988 2732 legatus,
1017 2656 1113 2717 lectos

69 2736 212 2815 quosdam
235 2753 273 2795 en
294 2736 417 2797 tribunis
439 2747 470 2797 et
491 2738 711 2799 centurionibus
735 2756 790 2817 per
811 2744 942 2817 speciem
963 2741 1112 2801 servitutis

21 2824 25 2831 '
68 2838 104 2879 ac
125 2821 278 2881 ministerii
300 2822 508 2899 exploratores
528 2840 630 2881 secum
655 2823 751 2882 duxit:
771 2841 811 2881 ex
831 2824 937 2902 quibus
960 2823 991 2883 L.
1012 2825 1111 2883 stato·

67 2905 158 2979 rium,
183 2922 286 2982 quem,
317 2906 384 2983 quia
407 2907 525 2984 saepius
547 2906 576 2963 in
599 2903 710 2963 eisdem
733 2908 837 2966 castris
857 2907 970 2980 inerat,
999 2906 1113 2983 quidam

69 3006 108 3046 ex
138 2988 271 3049 hostibus
295 2989 471 3050 uidebantur
498 3004 680 3065 agnoscere,
716 2987 908 3047 occultandae
941 2988 1114 3047 conditionis

70 3073 134 3131 eius
157 3088 247 3132 causa
268 3072 374 3133 baculo
395 3083 427 3133 ut
449 3090 567 3133 servum
589 3072 753 3147 castigavit.

153 3158 184 3216 4.
208 3156 381 3236 Tarquiniae
401 3157 552 3236 Superbus
575 3165 675 3234 pater,
702 3155 853 3235 principes
874 3153 1049 3214 Gabinorum
1072 3155 1113 3215 ia·

68 3240 260 3300 teriiciendos
282 3240 455 3316 arbitratus,
484 3242 551 3319 quia
572 3240 632 3300 boo
649 3241 755 3301 nemini
777 3237 1114 3321 volebateommissum,

69 3324 139 3384 nibil
161 3326 261 3384 nuntio
280 3325 450 3404 respoudit,
471 3326 519 3402 qui
541 3325 578 3385 ad
601 3343 667 3384 eum
686 3343 704 3385 a
725 3324 785 3383 iilic
801 3333 864 3384 erat
877 3325 997 3393 missum
1018 3335 1114 3385 tamen

69 3408 152 3484 virga
174 3409 329 3469 eminentia
353 3426 532 3487 papaverum
560 3410 671 3487 capita,
696 3426 761 3467 cum
788 3409 865 3469 iorte
894 3411 923 3468 in
945 3409 1031 3470 borto
1053 3428 1113 3471 am·

69 3490 201 3571 basiaret,
226 3493 366 3553 decussit.
411 3492 533 3552 Nuntius
554 3494 785 3570 sinerrespouso
807 3511 946 3553 reuersus
968 3496 1114 3553 renuntia·
1157 3574 1161 3579 ι

907 3590 948 3648 1*
