2475 3909
255 210 597 281 snaenncduerroou
616 230 686 279 ran.
708 230 746 279 rr.
766 230 843 281 cur.
864 232 904 281 rr.
1064 222 1101 285 tl

146 388 196 449 10.
241 385 320 446 Iberi
335 388 364 445 in
377 384 494 463 Africa,
516 387 627 463 ingenti
646 385 771 445 hostium
789 385 970 445 multitudine
986 391 1106 468 excepti

56 474 270 550 timentesque,
298 490 335 530 ne
365 472 571 546 circuirentur,
602 470 806 548 adplicuerunt
825 488 859 529 se
881 469 1003 544 damini,
1026 474 1105 551 quod

57 558 125 617 altis
147 558 177 616 in
193 573 228 615 ea
247 556 370 632 regione
392 556 463 632 ripis
485 554 666 633 prolluebat:
690 555 740 633 qui
760 555 799 614 ita
821 571 837 613 a
856 562 942 631 tergo
955 572 1038 615 amne
1054 556 1104 618 de·

57 642 134 701 lensi
150 650 180 700 et
202 637 343 715 subinde,
367 656 431 697 cum
446 640 551 698 virtute
574 646 776 717 praestarent,
796 637 971 699 incursando
990 642 1019 699 in
1037 658 1105 720 pro·

57 727 153 785 nimos
179 741 293 783 omnem
312 722 437 783 hostium
460 724 620 782 exercitum
640 731 815 782 straverunt.

147 809 198 869 11.
244 805 427 885 Xanthippus
448 806 695 866 Lacedaemonius
716 806 780 866 sola
802 806 862 866 loci
882 809 1106 871 commutatione

60 894 205 953 fortunam
228 890 327 951 Punici
354 890 425 951 belli
446 892 600 950 convertit.
643 890 716 949 Nam
740 909 821 968 cum,
843 909 859 951 a
881 890 1106 971 desperantibus

59 980 114 1037 iam
138 973 429 1052 Carthaginiensibus
463 974 602 1034 mercede
635 974 827 1050 sollicitatus,
853 977 1107 1037 animadvertisset

59 1061 149 1121 diros
173 1060 307 1139 quidem,
331 1060 379 1136 qui
403 1060 531 1137 equitatu
550 1067 579 1118 et
600 1057 764 1137 elephantis
785 1059 988 1138 praestabant,
1010 1062 1106 1121 colles

60 1146 187 1221 sectari,
209 1143 378 1203 aRomanis
396 1152 510 1217 autem,
527 1159 650 1221 quorum
664 1142 755 1203 robur
773 1146 802 1203 in
819 1144 920 1222 pedite
938 1155 1012 1221 erat,
1029 1163 1105 1206 cam·

58 1230 173 1308 pestria
196 1229 307 1302 teneri,
331 1227 448 1287 Poenos
468 1228 496 1285 in
510 1227 596 1305 plana
616 1226 752 1294 deduxit;
774 1226 839 1302 nbi,
862 1246 917 1305 per
931 1229 1105 1307 elephantos

58 1314 212 1391 dissipatis
239 1309 387 1371 ordinibus
411 1310 624 1385 Romanorum,
656 1327 777 1389 sparsos
807 1328 862 1387 per
882 1311 1020 1373 Numidas
1039 1331 1105 1390 per·

57 1406 199 1473 secutus,
223 1412 320 1455 eorum
340 1396 501 1455 exercitum
522 1394 609 1471 ludit,
632 1394 660 1452 in
681 1393 760 1452 illam
779 1392 855 1452 diem
876 1402 954 1454 terra
975 1399 1106 1474 marique

56 1482 217 1542 victorem.

148 1563 198 1629 12.
242 1562 457 1642 Epaminondas
477 1563 535 1623 dux
554 1561 775 1638 Thebanorum,
798 1562 941 1621 adversas
959 1562 1106 1623 Lacedae·

56 1651 174 1709 monios
197 1647 360 1707 directurus
382 1649 492 1723 aciem,
516 1665 570 1726 pro
593 1647 690 1708 fronte
707 1648 770 1705 eius
785 1647 945 1707 decurrere
961 1646 1107 1725 equitibus

58 1734 167 1809 iussis,
191 1749 255 1791 cum
275 1732 422 1809 ingentem
435 1730 597 1810 'pulverem
614 1730 709 1791 oculis
730 1732 856 1791 hostium
871 1730 1033 1791 obiecisset
1055 1751 1105 1791 en-

59 1818 332 1897 spectationcmque
360 1817 505 1893 equestris
535 1817 699 1875 certaminis
721 1816 953 1895 praetendisset,
983 1817 1106 1875 circum·

59 1904 147 1963 ducto
163 1900 264 1979 pedite
284 1900 320 1959 ab
334 1918 368 1959 ea
384 1908 482 1978 parte,
503 1918 541 1959 ex
562 1918 617 1976 qua
634 1901 776 1961 decursus
789 1902 817 1959 in
834 1918 968 1961 aversam
981 1900 1106 1962 hostium

59 1989 154 2047 aciem
176 1984 308 2061 lerebat,
331 1985 538 2061 inopinantium
560 1993 644 2060 terga
665 1984 784 2044 adortus
805 1985 921 2044 cecidit.

149 2070 199 2130 13.
244 2068 467 2128 Lacedaemonii
486 2070 611 2127 trecenti
632 2076 733 2126 contra
756 2069 994 2129 innumerabilem
1012 2071 1105 2129 multi·

58 2154 188 2232 tudinem
216 2151 370 2212 Persarum
396 2150 611 2230 Thermopylas
641 2160 877 2228 occupaverunt,
909 2170 1027 2229 quarum
1057 2173 1105 2213 arr·

58 2240 175 2315 gustiae
197 2253 256 2295 non
277 2237 417 2315 amplius,
440 2253 525 2315 quam
544 2252 644 2314 parem
659 2251 809 2293 numerum
824 2237 982 2294 comminus
996 2255 1106 2314 pugna·

11 2364 14 2373 ,
58 2332 153 2382 turum
181 2330 317 2400 poterant
342 2319 508 2388 admittere;
536 2337 632 2397 eaque
663 2320 793 2394 ratione,
823 2327 957 2396 quantum
980 2320 1016 2379 ad
1037 2337 1105 2378 con·

58 2424 183 2483 gressus
206 2405 390 2481 facultatem,
407 2405 522 2483 aequati
537 2421 658 2463 numero
673 2402 874 2477 barbarorum,
890 2404 996 2463 virtute
1010 2412 1107 2463 autem

58 2498 265 2567 praestantes,
287 2506 419 2565 magnam
445 2506 546 2548 eorum
568 2498 680 2567 partem
697 2488 881 2548 ceciderunt:
901 2506 957 2547 nec
977 2490 1107 2567 superati

58 2574 175 2650 iurent,
196 2574 250 2633 nisi
268 2591 322 2652 per
339 2573 517 2651 proditorem
529 2572 687 2652 Ephialten
698 2570 881 2632 Trachinium
894 2574 1106 2634 circumductus

59 2657 153 2718 hostis
177 2676 194 2717 a
217 2666 302 2734 tergo
326 2673 379 2715 eos
400 2656 611 2735 obpressisset.

149 2742 199 2803 14.
244 2741 457 2801 Themistocles
480 2742 539 2802 dux
560 2741 798 2819 Atheniensium,
828 2760 893 2801 cum
921 2743 1035 2803 videret
1055 2743 1107 2802 uti·

58 2827 202 2887 lissimum
233 2825 374 2885 Graeciae
403 2825 544 2885 adversus
571 2825 780 2884 multitudinem
803 2825 911 2887 Xerxis
937 2830 1051 2886 navium
1079 2828 1108 2884 in

59 2910 203 2989 angustiis
225 2910 388 2969 Salaminiis
417 2909 580 2972 decernere
602 2908 690 2985 idque
712 2908 893 2985 persuadere
917 2909 1029 2968 civibus
1049 2926 1108 2967 non

59 3004 182 3074 posset,
199 2994 333 3053 sollertia
349 2993 464 3069 effecit,
485 3001 544 3052 uta
564 2990 696 3051 barbaris
712 2990 748 3050 ad
761 2990 899 3049 utilitates
915 3009 984 3049 suas
1002 2990 1109 3049 Graeci

59 3078 321 3157 compellerentur.
368 3078 506 3138 Simulata
535 3085 660 3154 namque
687 3074 853 3154 proditione
880 3074 956 3133 misit
976 3074 1012 3133 ad
1033 3072 1107 3132 Xer·

60 3182 118 3223 xen
140 3164 190 3241 qui
211 3162 368 3237 indicaret,
389 3160 549 3240 populares
566 3178 636 3220 suos
657 3160 694 3221 de
716 3159 786 3237 luga
808 3158 940 3235 cogitare
962 3158 1107 3218 difficilio-

59 3265 182 3326 remque
212 3248 238 3305 ei
267 3264 329 3305 rem
356 3245 496 3320 loturam,
526 3246 551 3303 si
573 3244 705 3322 singulas
727 3244 860 3303 civitates
883 3241 1037 3304 obsidione
1059 3244 1108 3304 ad·

59 3332 247 3409 graderetur.
293 3329 358 3404 Qua
383 3330 496 3389 ratione
526 3328 644 3405 effecit,
673 3337 704 3387 ut
739 3328 887 3387 exercitus
918 3327 1109 3389 barbarorum

61 3418 185 3493 primum
208 3415 436 3491 inquietaretur,
465 3430 530 3473 cum
555 3420 616 3475 tota
645 3420 733 3471 nocte
761 3412 790 3469 in
809 3413 934 3473 statione
958 3414 1109 3473 custodiae

59 3508 177 3569 essent;
200 3498 323 3577 deinde,
344 3505 375 3557 ut
397 3498 441 3557 sui
459 3514 543 3556 marre
561 3496 683 3571 integris
703 3494 814 3556 viribus
833 3515 897 3557 cum
912 3495 1045 3557 barbaris
1068 3496 1110 3553 vi-
