2475 3909
471 244 546 293 SEX.
571 244 660 291 IULII
681 242 852 291 anonam

542 396 693 459 CAPUT
714 396 773 458 IX.

302 529 349 579 ns
373 528 562 577 sununuoun
583 529 736 577 nmmum
756 527 1022 577 compescemus.

224 652 250 710 1.
296 648 330 710 Ο.
355 649 482 711 Marcius
505 650 620 711 Rutilus
649 650 771 725 consul,
799 666 864 709 cum
892 650 1089 727 comperisset
1116 668 1186 710 con·

134 737 248 795 iurasse
265 734 372 794 milites
399 736 426 792 in
447 734 577 793 bibernis
599 732 845 816 Campaniae,ut
864 734 1001 810 iugulatis
1018 734 1186 813 hospitibus
1229 801 1230 804 Ἴ

134 820 191 899 ipsi
200 836 249 877 res
261 836 361 877 eorum
374 818 560 895 invaderent,
579 834 724 879 rumorem
735 818 864 896 spargit,
881 834 935 877 eos
949 817 1056 877 eodem
1071 819 1143 879 loco
1156 829 1186 878 et

134 919 210 963 anno
225 910 293 981 post
305 902 523 963 hibernaturus:
542 912 630 981 atque
644 903 682 962 ita
698 904 912 961 coniuratorum
927 903 1052 962 consilio
1064 903 1184 962 turbato

137 984 322 1064 Campaniam
335 986 468 1063 periculo
486 986 621 1047 liberavit
632 995 662 1045 et
676 1004 715 1045 ex
729 988 889 1046 occasione
900 995 1043 1046 nocentes
1059 988 1183 1064 punivit.

221 1069 250 1129 2.
294 1069 326 1131 b.
339 1069 437 1147 Sulla,
455 1088 518 1130 curu
533 1071 668 1147 legiones
685 1070 789 1130 civium
803 1070 997 1129 Romanorum
1013 1072 1184 1148 peruiciosa

135 1153 279 1213 seditione
302 1153 449 1230 furerent,
475 1154 598 1214 consilio
614 1154 740 1213 restituit
753 1156 906 1215 sanitatem
925 1154 1064 1214 efferatis.
1111 1155 1183 1214 Pro·

135 1256 209 1317 pere
226 1239 301 1297 enim
322 1237 480 1299 adnuntiari
501 1240 584 1297 iussit
604 1238 720 1299 bostem
742 1239 849 1297 adesse
872 1247 902 1297 et
922 1238 958 1298 ad
976 1256 1054 1298 arma
1073 1254 1183 1298 vocan-

135 1323 204 1382 tium
226 1323 382 1383 clamorem
399 1322 480 1398 tolli,
501 1324 583 1400 signa
599 1340 717 1384 canere.
762 1323 903 1382 Discussa
919 1322 1024 1382 seditio
1040 1332 1100 1397 est,
1117 1324 1182 1381 uni-

135 1406 230 1465 versis
247 1406 388 1467 adversus
410 1406 525 1467 bostem
541 1407 798 1467 consentientibus.
1211 1466 1214 1471 .

221 1491 249 1553 3.
295 1488 346 1550 Gn.
361 1490 531 1571 Pompeius,
545 1491 688 1552 trucidato
699 1491 737 1552 ab
752 1491 884 1551 exercitu
894 1489 1052 1550 Mediolani
1067 1501 1181 1563 senatu,

134 1594 172 1635 ne
188 1574 335 1634 tumultum
352 1585 500 1651 moveret,
517 1576 542 1633 si
557 1575 640 1635 solos
656 1583 814 1635 evocasset
827 1584 986 1651 nocentes,
1003 1577 1110 1635 mixtos
1125 1578 1181 1651 eis,

136 1660 185 1738 qui
209 1668 292 1719 extra
314 1659 572 1734 deliniamentum,
594 1662 705 1719 venire
718 1661 810 1719 iussit.
854 1658 898 1719 lta
921 1667 951 1719 et
970 1661 1051 1718 noxii
1067 1662 1181 1720 minore

135 1760 202 1803 cunr
218 1750 312 1818 metu,
336 1743 403 1819 quia
421 1760 479 1803 non
501 1745 667 1820 segregati,
689 1743 816 1821 ideoque
833 1760 893 1803 non
908 1762 947 1802 ex
965 1761 1054 1803 causa
1074 1744 1180 1823 culpae

133 1826 307 1886 videbantur
321 1828 474 1901 arcessiri,
493 1837 732 1905 comparuerunt;
750 1837 780 1887 et
794 1828 850 1903 illi,
866 1826 972 1907 quibus
985 1828 1101 1905 integra
1117 1839 1182 1888 erat

135 1910 333 1984 conscientia,
355 1910 557 1971 custodiendis
578 1929 696 1991 quoque
712 1910 887 1986 nocentibus
910 1912 1120 1989 adtenderuut,
1143 1932 1179 1972 ne

132 1992 247 2053 illorum
268 1994 337 2069 iuga
357 1995 583 2073 inquinarentur.

219 2079 249 2137 4.
295 2074 329 2136 C.
352 2075 481 2156 Caesar,
506 2096 569 2139 cum
593 2079 735 2158 quaedam
761 2078 897 2156 legiones
919 2078 983 2139 eius
1004 2080 1179 2141 seditionem

133 2162 314 2238 movissent,
330 2163 405 2223 adeo
424 2173 455 2223 nt
469 2164 498 2223 in
518 2166 677 2242 perniciem
694 2180 811 2242 quoque
826 2165 909 2225 ducis
923 2163 1094 2224 viderentur
1109 2182 1177 2224 con·

133 2256 337 2322 surrecturae,
360 2248 540 2308 dissimulato
562 2258 640 2307 metu
662 2249 810 2325 processit
825 2248 861 2307 ad
882 2248 1006 2324 milites,
1029 2250 1178 2327 postulan-

132 2330 269 2409 tibusque
296 2332 463 2391 missionem
489 2332 566 2391 ultro
596 2333 701 2391 minaci
722 2330 802 2391 vultu
827 2332 918 2392 dedit.
961 2330 1178 2392 Enauctoratos

133 2416 313 2492 poenitentia
336 2416 435 2491 coegit
452 2416 626 2475 satisfacere
642 2415 810 2493 imperatori
825 2415 1132 2497 obsequentioresque
1151 2419 1179 2475 iu

131 2497 275 2575 reliquum
289 2513 396 2574 operas
413 2498 512 2562 edere.

550 2664 697 2728 CAPUT
724 2666 762 2727 X.

175 2792 451 2853 Quemnnmonum
471 2796 731 2848 INTEMPESTIVA
753 2798 972 2849 POSTULATIO
993 2800 1137 2849 Poenas:

539 2882 769 2931 INEIBEA'I'UR.

219 3006 245 3063 1.
291 3004 326 3079 Q.
344 3002 509 3079 Sertorius,
526 3002 605 3082 quod
622 3005 823 3081 experimento
836 3002 979 3064 didicerat
993 3005 1133 3082 imparem
1146 3024 1179 3064 se

129 3090 269 3149 universo
289 3088 484 3147 Romanorum
501 3086 659 3162 exercitui,
675 3096 706 3147 ut
721 3086 864 3149 barbaros
881 3105 999 3166 quoque
1011 3089 1178 3148 inconsulte

130 3190 257 3249 pugnarn
275 3180 474 3251 exposcentes
496 3170 634 3246 doceret,
657 3170 789 3231 adductis
811 3169 1047 3251 inconspectum
1063 3172 1178 3232 duobus

129 3255 230 3331 equis,
247 3256 344 3314 altero
363 3254 534 3333 praevalido
555 3254 651 3314 altero
667 3255 819 3315 admodum
842 3256 933 3331 exili,
957 3257 1031 3317 duos
1048 3256 1179 3316 admovit

130 3337 252 3395 iuvenes
268 3339 400 3398 similiter
412 3338 556 3413 adiectos,
580 3338 730 3397 robustum
746 3348 776 3399 et
790 3340 949 3416 gracilem:
971 3350 1002 3399 et
1016 3339 1178 3399 robustiori

130 3419 299 3495 imperavit,
327 3436 404 3498 equo
431 3422 502 3481 exili
523 3424 688 3482 universam
713 3423 833 3482 caudam
853 3423 1045 3502 abrumpere,
1069 3424 1178 3501 gracili

132 3511 242 3580 autem,
266 3502 456 3563 valentiorem
478 3522 531 3583 per
547 3506 660 3583 singula
676 3506 801 3567 vellere.
847 3505 977 3585 Cumque
992 3508 1116 3585 gracilis
1133 3509 1176 3568 le·
