2475 3909
131 211 192 273 too
459 221 536 273 sex
555 223 647 273 nourr
668 223 838 273 uacuum

128 380 241 441 minalis
266 377 442 440 coniunctim
468 378 543 438 inira
568 387 677 439 terram
701 387 805 439 euntes
827 377 864 438 ad
884 377 1058 438 viminalem
1079 393 1177 456 usque

130 473 242 544 portam
262 464 428 524 deveniunt.
471 461 516 522 lbi
531 481 633 522 rursus
650 472 811 540 emergunt.
833 461 916 522 Prius
930 470 1027 522 tamen
1044 477 1118 540 pars
1131 459 1176 520 Iu·

128 549 203 624 liae,
229 548 265 609 ad
287 549 376 626 Spem
392 547 533 608 Veterem
554 555 696 625 excepta,
723 547 854 607 castellis
878 543 971 606 Caelii
992 546 1102 605 montis
1122 544 1177 604 dii·

127 632 264 694 iunditur.
307 631 416 693 llarcia
438 640 535 692 autem
559 639 672 711 partem
693 632 738 690 sui
765 640 834 708 post
854 630 956 690 bortos
977 628 1176 690 Pallantianos

128 719 159 778 iu
187 718 297 792 rivum,
329 717 379 795 qui
406 723 529 776 vocatur
549 713 769 790 Herculaneus,
790 715 894 776 deicit:
917 715 942 772 is
963 731 1018 793 pcr
1042 712 1176 774 Caelium

129 803 244 876 ductus,
267 802 359 880 ipsius
380 801 487 860 montis
507 799 609 859 usibus
626 797 711 875 nibil,
734 806 766 858 ut
787 799 919 875 inferior,
941 796 1175 872 subministrans,

129 885 224 945 linitur
245 901 334 963 supra
352 893 466 962 portam
487 881 645 963 Capenam.

215 965 266 1028 20.
308 966 384 1028 Anio
401 967 503 1028 Novus
525 977 556 1027 et
571 963 692 1028 Claudia
714 985 731 1028 a
755 967 876 1048 piscinis
898 967 927 1026 in
947 965 1071 1026 altiores
1088 981 1175 1024 arcus

130 1052 327 1130 recipiuntur,
351 1054 391 1112 ita
409 1061 442 1112 ut
457 1053 593 1130 superior
612 1053 651 1112 sit
664 1050 751 1112 Anio.
795 1051 944 1112 Finiuntur
964 1067 1052 1110 arcus
1074 1065 1176 1108 earum

130 1144 199 1216 post
219 1135 323 1196 hortos
340 1135 552 1211 Pallantianos,
575 1145 606 1194 et
628 1135 695 1195 inde
717 1137 747 1195 iu
767 1153 850 1195 usurn
871 1135 951 1194 urbis
974 1132 1077 1192 fistulis
1092 1131 1175 1191 didu-

131 1228 245 1280 cuntur.
289 1219 401 1280 Partem
415 1229 510 1279 tamen
524 1221 569 1281 sui
584 1216 705 1280 Claudia
722 1221 801 1299 prius
813 1221 842 1278 in
851 1237 953 1294 arcus,
970 1219 1019 1296 qui
1032 1223 1176 1276 vocantur

129 1302 304 1379 Neroniani,
327 1304 364 1364 ad
385 1305 476 1382 Spem
496 1303 635 1363 Veterem
656 1303 805 1363 transfert.
840 1301 883 1384 ,Ηί
910 1301 1014 1362 directi
1029 1317 1084 1380 per
1100 1297 1174 1358 (iae-

131 1387 201 1448 lium
213 1396 340 1451 montem
354 1389 433 1449 iuxta
454 1388 593 1467 templutn
608 1387 676 1447 Divi
691 1385 804 1447 illaudii
817 1387 1013 1446 terminantur.
1044 1382 1174 1457 Modum,

132 1488 218 1550 quem
238 1481 429 1551 acceperunt,
451 1479 500 1532 aut
516 1474 594 1532 circa
609 1473 705 1548 ipsum
715 1479 840 1531 montem
855 1469 1000 1546 Caelium,
1013 1477 1063 1528 aut
1079 1469 1111 1526 iu
1124 1466 1175 1526 Pa·

130 1555 231 1616 latium
259 1557 492 1635 Aventinumque
517 1565 548 1618 ιι
575 1557 729 1632 regionem
757 1554 1001 1616 Transtiberinam
1021 1553 1175 1612 dimittunt.

217 1640 269 1702 21.
312 1640 389 1700 Anio
410 1640 504 1700 Vetus
530 1641 610 1700 circa
637 1651 675 1699 Ν
695 1640 846 1700 miliarium
864 1639 938 1699 inira
959 1637 1055 1715 Noui,
1079 1651 1138 1714 qua
1160 1652 1175 1693 ι

131 1723 179 1783 via
202 1723 301 1785 Latina
324 1726 353 1783 in
373 1722 545 1784 lavicanam
569 1725 644 1798 itur,
673 1741 759 1784 arcus
786 1724 899 1799 traicit,
923 1732 953 1782 et
973 1721 1012 1782 ibi
1033 1719 1175 1799 piscinam

131 1806 231 1867 babet.
275 1808 346 1867 lude
375 1810 449 1867 intra
475 1819 504 1866 11
529 1808 680 1867 miliarium
707 1817 817 1887 partem
839 1806 938 1867 datin
964 1821 1105 1884 specum,
1128 1803 1176 1882 qui

133 1900 257 1950 vocatur
277 1890 472 1964 Octavianus,
494 1899 524 1950 et
547 1892 684 1969 pervenit
704 1893 733 1952 in
753 1893 905 1969 regionem
927 1892 992 1951 viae
1011 1887 1119 1948 Novae
1141 1885 1175 1946 ad

132 1972 235 2034 hortos
249 1973 421 2050 Asinianos,
434 1973 512 2033 unde
531 1975 679 2053 perillum
693 1983 815 2036 tractum
830 1974 1019 2035 distribuitur.
1064 1971 1176 2030 Rectus

131 2073 206 2115 vero
229 2056 350 2132 ductus,
375 2057 533 2118 secuudum
555 2059 646 2138 Spem
669 2059 806 2119 Veterem
827 2061 948 2119 veniens
964 2059 1041 2117 intra
1061 2063 1177 2134 portam

132 2137 334 2220 Exquilinam,
357 2143 386 2202 in
407 2142 483 2202 altos
503 2143 584 2204 rivos
605 2160 660 2221 per
677 2142 778 2202 urbem
796 2142 948 2203 diducitur.

218 2225 269 2286 22.
314 2225 378 2286 Nec
395 2226 488 2304 Virgo
509 2246 567 2288 uec
588 2227 686 2306 Appia
707 2245 763 2286 uec
786 2226 928 2287 Alsietina
950 2221 1175 2302 conceptacula,

132 2310 163 2371 id
184 2319 231 2371 est
251 2312 398 2389 piscinas,
423 2310 539 2371 habeut.
583 2311 679 2372 Arcus
701 2310 831 2388 Virginis
856 2311 964 2370 initium
993 2306 1105 2368 habent
1125 2304 1175 2366 sub

132 2394 226 2455 bortis
242 2394 414 2466 Lucilianis,
440 2394 575 2453 liniuntur
591 2397 620 2453 iu
634 2393 744 2474 Campo
756 2394 859 2454 blartio
872 2393 1033 2454 secundum
1050 2391 1178 2451 frontem

133 2478 300 2556 septorum.
339 2476 430 2535 llivus
445 2474 578 2553 Appiae,
591 2477 646 2536 sub
658 2478 759 2538 Caelio
773 2488 870 2538 monte
883 2488 913 2538 et
924 2478 1071 2537 Aventino
1086 2482 1176 2545 actos,

134 2559 272 2637 emergit,
295 2567 326 2617 ut
345 2559 483 2634 diximus,
504 2559 578 2619 inira
596 2561 702 2621 clivum
720 2561 850 2622 Publicii.
894 2562 1058 2622 Alsietiuae
1073 2559 1177 2618 ductus

133 2651 202 2720 post
224 2641 437 2716 naumachiam,
460 2642 542 2701 cuius
562 2661 651 2704 causa
674 2645 876 2705 videturesse
899 2646 1010 2721 iactus,
1033 2643 1143 2703 linitur.

218 2724 269 2786 23.
314 2724 457 2799 Quoniam
472 2735 608 2788 auctores
629 2729 770 2808 cuiusque
786 2747 879 2807 aquae
896 2738 926 2789 et
946 2736 1072 2804 aetates,
1095 2741 1177 2804 prae·

133 2817 215 2869 terea
237 2811 368 2888 origines
387 2818 418 2870 et
436 2810 632 2887 longitudines
651 2813 778 2873 rivorum
798 2823 828 2872 et
846 2815 978 2873 ordinem
998 2810 1097 2871 librae
1114 2827 1177 2888 per·

133 2902 253 2954 secutus
272 2913 348 2964 sum;
370 2911 429 2954 uon
441 2894 564 2954 alienum
577 2895 645 2955 mibi
657 2895 788 2972 videtur,
811 2897 896 2956 ctiam
909 2896 1022 2974 singula
1039 2893 1178 2954 subicere

134 2987 165 3038 et
186 2979 362 3054 ostendere,
386 2987 492 3058 quanta
507 2980 545 3038 sit
560 2981 662 3057 copia,
687 2997 762 3057 quae
782 2980 907 3059 publicis
922 2980 1109 3060 privatisque
1124 2993 1179 3036 nou

133 3063 228 3123 solum
242 3063 343 3122 usibus
362 3071 393 3122 et
412 3052 544 3137 auxiliis,
566 3064 767 3123 verumetiam
782 3063 981 3142 voluptatibus
997 3063 1128 3137 suflicit,
1152 3068 1178 3119 et

132 3163 188 3224 per
217 3154 289 3224 quot
314 3146 436 3206 castella
458 3145 622 3224 quibusque
650 3146 820 3223 regionibus
844 3148 1010 3222 diducatur,
1041 3153 1178 3224 quantum

134 3238 217 3286 extra
238 3228 357 3303 urbem,
382 3236 517 3307 quantum
539 3231 613 3290 iutra
633 3228 752 3306 urbem,
776 3239 805 3290 et
829 3249 866 3290 cx
885 3249 922 3293 eo
946 3239 1087 3310 quantum
1111 3229 1177 3288 laci·

133 3307 204 3381 bus,
233 3320 368 3384 quantum
388 3311 570 3395 muneribus,
594 3322 730 3390 quantum
752 3315 891 3392 operibus
919 3315 1064 3395 publicis,
1090 3330 1177 3391 quau·
1229 3345 1230 3372 ι

133 3394 194 3444 tum
214 3392 329 3448 nomine
352 3390 505 3469 Caesaris,
529 3405 664 3473 quamam
687 3397 808 3473 privatis
828 3397 929 3457 usibus
951 3406 1106 3474 erogetur.
1229 3383 1230 3400 ¹

219 3468 279 3526 Sed
305 3473 424 3532 rationis
455 3478 609 3554 existimo,
633 3479 800 3557 priusquam
826 3482 942 3542 nomina
971 3482 1178 3559 quinariarum,
