2475 3909
207 221 551 275 ernuuusuuuurnon
571 224 641 275 uss.
663 224 716 275 111.
739 226 816 277 can.
839 228 862 277 1.
881 228 919 275 11.
1049 215 1088 279 ot

459 377 608 441 CAPUT
637 378 675 441 ii

222 508 271 555 nu
294 508 492 558 uuuuunnrs
514 509 915 577 manutenementum.

129 634 155 693 1.
183 631 328 694 Domitius
343 632 498 709 Calvinus,
522 648 586 692 cunr
601 630 752 693 obsideret
764 631 883 711 hunam,
896 634 1035 714 oppidum
1046 636 1090 696 hi·

53 734 143 793 gurum
165 734 222 777 nou
246 720 303 777 situ
322 726 430 777 tantum
450 726 479 777 et
501 716 642 794 operibus
663 734 765 776 verum
788 719 874 792 etiarn
893 730 1090 797 propugnato·

52 819 105 859 rum
122 803 301 877 praestantia
322 811 428 877 tutum,
450 802 565 861 circuiri
582 818 682 861 muros
697 801 869 880 frequenter
883 802 1017 863 omnibus
1039 822 1090 865 co·

53 885 99 960 piis
117 885 236 945 initituit
262 886 443 963 easdemque
470 884 613 948 reducere
643 886 672 943 iu
694 894 801 945 castra.
845 885 909 959 Qua
933 897 1089 948 consuetu·

53 967 108 1026 dine
122 968 245 1029 inductis
261 971 301 1029 ita
314 969 486 1059 oppidanis,
503 978 532 1029 ut
547 968 704 1029 crederent
718 971 939 1033 exercitationis
953 973 982 1032 id
993 976 1088 1049 gretia

53 1050 140 1111 iacere
161 1050 341 1129 Romanurn,
371 1063 400 1113 et
422 1053 460 1113 ob
483 1054 541 1112 hoc
564 1052 633 1113 nibil
661 1052 698 1112 ab
725 1071 763 1115 eo
782 1064 887 1115 conatu
903 1055 1086 1133 caventibus,

53 1152 148 1195 morem
168 1137 249 1197 illum
273 1136 477 1199 obambulaudi
501 1139 529 1197 iu
547 1137 800 1225 subitumdirsxn
821 1141 976 1218 impetum,
998 1156 1087 1201 ocen-

53 1220 171 1297 patisque
192 1222 349 1282 moenibus
377 1223 542 1300 expressit,
567 1230 596 1281 ut
617 1240 651 1281 se
672 1223 754 1299 ipsos
777 1222 918 1283 dederent
939 1225 1085 1302 oppidani.

125 1304 152 1363 2.
191 1304 224 1365 C.
249 1306 365 1366 Duilius
392 1306 495 1366 consul
522 1305 646 1367 subinde
676 1306 847 1366 exercendo
874 1308 981 1366 milites
1000 1309 1085 1367 remi-

52 1403 150 1464 gesque
173 1400 352 1451 consecutus
379 1399 450 1465 est,·
472 1399 518 1465 ut,
548 1389 662 1448 securis
684 1386 973 1466 Carthaginiensibus
992 1407 1086 1467 usque

51 1466 73 1526 iu
92 1471 117 1529 id
135 1480 248 1553 tempus
270 1476 405 1535 innoxiae
421 1473 650 1549 consuetudinis,
671 1471 767 1531 subito
784 1470 900 1533 admota
907 1472 1013 1536 ¹nlnsse
1025 1490 1085 1533 mu·

52 1570 103 1612 rum
119 1568 289 1636 occuparet.

122 1639 150 1701 3.
189 1640 334 1703 Hannibal
353 1643 382 1702 iu
403 1641 486 1705 ltalia
504 1641 608 1702 multas
627 1639 718 1699 nrbes
740 1640 837 1718 cepit,
857 1659 923 1701 cnm
937 1640 1082 1702 Romano·

54 1736 103 1780 rum
115 1719 208 1785 habitu
225 1724 372 1807 quosdam
386 1739 522 1802 suorum,
543 1724 688 1801 exlongo
704 1724 775 1785 belli
789 1743 845 1784 usn
861 1725 950 1786 latine
966 1743 1084 1805 quoque

54 1801 444 1889 loquentes,‚praemtttaret.

121 1892 149 1951 4.
191 1894 330 1975 Arcades
355 1893 568 1954 Messeniorum
601 1892 753 1953 castellnm
780 1892 968 1971 obsidentes,
996 1894 1083 1954 laetis

54 1971 204 2045 quilmsdam
225 1980 315 2040 armis
338 1978 374 2039 ad
392 1978 606 2038 similitudinem
623 1969 846 2055 bdstilium,·eo
867 1989 1002 2059 tempore
1024 1996 1082 2059 qno

53 2070 207 2123 successura
230 2064 293 2124 alla
314 2062 360 2121 his
383 2063 533 2141 praesidia
554 2042 799 2139 ehptoraverant,
828 2046 959 2123 instructi
981 2081 1083 2124 eorum

55 2141 93 2212 qni
111 2147 355 2223 exspectabantur
379 2155 482 2206 orrratn
507 2145 685 2223 admissique
712 2160 767 2222 per
794 2144 871 2205 hunc
898 2158 1083 2210 erroremut

55 2226 128 2297 socii,
152 2231 374 2307 possessionem
395 2231 453 2290 loci
476 2246 540 2288 cum
561 2236 661 2305 strage
683 2227 930 2305 hostiumadepti
947 2239 1022 2289 sunt.

123 2310 150 2369 5.
194 2313 299 2375 Cimon
316 2314 374 2373 dux
394 2312 632 2386 Atheniensium,
653 2312 683 2371 in
701 2308 787 2370 Garia
802 2310 953 2370 insidiatus
970 2312 1083 2377 cuidam

54 2389 161 2471 ciuitati,
184 2399 363 2475 religiosum
391 2397 496 2457 incolis
525 2396 666 2475 templum
691 2395 804 2455 Dianae
831 2394 1004 2473 lucumque,
1034 2397 1083 2473 qui

53 2481 121 2535 extra
139 2496 236 2541 muros
254 2491 333 2558 erat,
357 2490 444 2541 noctu
464 2482 639 2559 improvisus
656 2479 983 2558 incendit;,efftrsisqne
999 2481 1082 2558 oppi-
1158 2542 1162 2547 ,

53 2551 120 2618 danis
141 2564 173 2623 ud
197 2584 288 2645 opem
309 2566 452 2626 adversus
476 2567 562 2642 ignes
582 2564 752 2647 ferendam,
774 2552 897 2626 vacuarh
919 2564 1082 2625 defensori·

52 2634 95 2699 bus
113 2650 187 2725 cepit
204 2648 318 2711 urbem.

123 2728 149 2789 6.
191 2733 363 2794 Alcibiades
389 2733 457 2793 dux.
469 2733 708 2810 Atheniensium,
738 2753 803 2795 curn
829 2737 974 2796 ciuitatem
993 2735 1080 2814 Agri-

53 2812 214 2878 gentinorum
236 2819 360 2895 egregie
383 2819 517 2879 munitam
538 2817 706 2892 obsideret,
729 2821 822 2894 petito
839 2819 876 2878 ab
893 2822 937 2878 eis
952 2822 1079 2880 concilio

54 2887 91 2949 diu
107 2903 243 2980 nmquam
266 2902 302 2962 de
325 2901 468 2962 rebusad
492 2917 643 2962 commune
662 2900 874 2977 pertinentibus
898 2901 1034 2961 disseruit
1051 2905 1081 2961 in

54 2970 163 3059 theano,
183 2986 232 3046 ubi
254 3004 292 3045 ex
313 3003 394 3047 more
416 2985 594 3046 Graecorum
617 2984 702 3044 locus
729 2981 935 3042 consultationi
957 2982 1080 3059 praebe·

53 3050 134 3123 batur:
154 3069 279 3149 dumque
301 3071 415 3130 consilii
441 3070 543 3148 specie
566 3076 648 3127 terret
668 3065 898 3140 multitudinem,
922 3063 1081 3125 Athenien·

54 3155 108 3219 ⁸⁰⁸,
129 3167 199 3227 qnos
214 3154 251 3215 ad
268 3154 296 3215 id
314 3162 562 3233 praeparaverat,
584 3152 788 3213 incustoditam
805 3150 909 3210 urbem
928 3158 1079 3228 oeperunt.

121 3233 147 3292 7.
189 3237 404 3316 Epaminondas
418 3238 592 3313 Thebanus,
615 3238 645 3297 iu
664 3236 791 3296 Arcadia
813 3234 862 3294 die
883 3234 962 3295 festo
985 3233 1080 3294 effuse

54 3318 120 3373 extra
129 3323 239 3383 moenia
252 3321 425 3399 vagantibus
437 3322 562 3382 hostiuur
573 3322 700 3397 leminis,
713 3320 875 3398 plerosque
887 3336 926 3379 ex
940 3317 1080 3380 militibus

52 3393 99 3453 suis
109 3404 235 3466 muliebri
251 3415 353 3467 ornatu
369 3407 540 3467 immiscuit:
564 3422 622 3483 qna
633 3403 817 3465 simulatione
830 3402 872 3464 illi
887 3405 962 3465 intra
977 3414 1079 3484 portas

53 3474 94 3537 tub
114 3498 224 3550 noctem
246 3496 379 3570 recepti,
408 3498 551 3568 ceperunt
573 3489 712 3567 oppidum
735 3497 771 3577 et·
784 3488 845 3550 snis
867 3499 1055 3570 aperuerunt.
