2475 3909
132 187 174 252 82
462 198 538 250 anx.
561 199 651 248 sonu
672 197 843 249 nnonnnu

219 353 300 415 ldem
315 362 452 428 senatus,
468 371 533 415 com
547 355 672 433 turpiter
688 353 780 430 iugali
797 353 927 415 consulis
940 351 1050 412 milites
1069 359 1181 426 essent,

134 439 285 516 decrevit,
311 456 348 499 ne
371 437 478 500 auxilia
506 441 535 499 oi
561 437 817 516 submitterentur,
845 438 901 498 nisi
923 437 1019 516 captis
1044 443 1075 498 et
1097 437 1182 496 victis

133 521 278 585 hostibus.

219 605 270 664 25.
314 603 366 666 liis
389 605 572 684 legionibus,
594 623 670 684 quae
689 606 799 668 Punico
820 605 902 666 bello
920 605 1053 665 militiam
1066 605 1183 664 detrac-

132 699 282 766 taverunt,
306 691 337 750 in
366 689 497 750 Siciliam
520 689 661 766 relegatis
685 707 741 769 per
771 698 886 768 septem
915 706 1007 750 annos
1038 688 1182 748 hordeum

133 792 172 832 en
194 782 312 833 senatus
335 773 469 833 consulto
488 774 585 834 datum
603 782 659 832 est.

218 854 269 917 26.
312 855 344 916 b.
363 855 432 917 l’iso
451 858 555 918 consul
571 854 606 916 (l.
624 856 727 918 Titium
741 856 924 936 praefectum
941 855 1087 930 cohortis,
1106 853 1182 931 quod

132 939 202 1000 loco
224 938 355 1015 lugitivis
377 950 526 1016 cesserat,
550 940 646 1000 cinctu
669 950 757 1018 togae
771 942 926 1019 praeciso,
949 938 1048 1000 soluta
1072 938 1180 1011 tunica,

132 1021 217 1082 nudis
240 1021 363 1102 pedibus
386 1023 414 1083 in
433 1025 584 1103 principiis
605 1025 735 1103 quotidie
759 1033 854 1100 stare,
877 1025 942 1086 dum
966 1022 1078 1099 vigiles
1103 1021 1180 1081 veni·

132 1114 214 1182 rent,
237 1107 320 1166 iussit
338 1108 542 1186 conviviisque
563 1115 594 1168 et
613 1107 722 1168 balneo
746 1107 904 1170 abstinere.

219 1189 269 1254 27.
313 1189 395 1251 Sulla
418 1191 571 1252 cohortem
599 1200 629 1252 et
650 1194 853 1268 centuriones,
883 1191 1180 1272 quorurnstationem

132 1273 227 1334 hostis
257 1284 446 1354 perruperat,
475 1274 582 1351 gladiis
610 1276 717 1353 aptatis
742 1283 772 1335 et
799 1274 958 1338 discinctos
985 1281 1124 1352 perstare
1153 1274 1180 1331 in

132 1359 286 1438 principiis
310 1360 403 1419 iussit.

220 1441 273 1504 28.
316 1441 461 1502 Domitius
483 1441 614 1503 corbulo
641 1443 670 1505 in
690 1441 827 1504 Armenia
847 1441 973 1504 Aemilio
996 1440 1077 1500 linio
1097 1455 1179 1518 prae·

133 1525 214 1585 lecto
243 1527 388 1605 equiturn,
416 1528 484 1605 quia
508 1525 643 1587 hostibus
671 1535 804 1588 cesserat
832 1537 861 1588 et
882 1544 982 1606 parum
1010 1525 1180 1584 instructam

133 1610 221 1668 armis
236 1609 311 1670 alam
326 1609 470 1685 habebut,
491 1612 665 1671 vestimenta
687 1629 742 1691 per
757 1611 890 1672 lictorem
906 1611 992 1670 scidit
1012 1607 1180 1683 eidemque,

133 1699 165 1751 ut
187 1703 266 1769 erat,
287 1693 407 1754 iocdato
429 1655 527 1753 habitu
555 1703 691 1772 perstare
713 1697 742 1755 in
771 1695 937 1774 principiis,
959 1693 1058 1754 donec
1087 1691 1180 1750 mitte

134 1784 232 1852 retur,
256 1776 418 1856 imperavit.

221 1876 272 1941 29.
313 1875 419 1936 Atilius
433 1875 584 1954 Regulus,
603 1896 668 1938 cum
687 1878 853 1939 exsomnio
874 1875 910 1936 ad
922 1876 1076 1936 Luceriam
1089 1883 1180 1934 trans·

133 1959 309 2034 grederetur
337 1961 545 2040 exercitusque
572 1964 635 2022 eius
662 1961 757 2022 obviis
785 1959 918 2021 hostibus
940 1977 1065 2018 aversus
1090 1965 1180 2032 esset,

134 2042 272 2120 obposita
297 2042 450 2103 cohorte
441 2047 526 2106 russii
543 2047 689 2124 fugientes
711 2063 766 2124 pro
787 2043 989 2106 desertoribus
1014 2041 1112 2102 caedi.

216 2142 271 2202 30.
314 2140 400 2206 Cotta
427 2147 531 2208 consul
561 2149 589 2206 in
612 2147 712 2206 Sicilia
735 2145 763 2204 in
785 2143 952 2216 Valerium,
979 2140 1113 2201 nobilem
1134 2141 1181 2198 tri·

134 2225 241 2285 bunum
261 2228 380 2288 militum
403 2249 441 2303 en
462 2241 551 2309 gente
572 2231 709 2306 Valeria,
734 2227 825 2305 virgis
846 2226 1059 2288 animadvertit.

220 2327 271 2388 31.
321 2327 400 2388 ldem
431 2331 464 2391 Ρ.
484 2330 640 2390 Aurelium
669 2329 809 2407 sanguine
837 2325 893 2388 sibi
921 2328 1067 2400 iunctum,
1094 2341 1183 2404 quem

135 2410 281 2470 obsidioni
304 2411 489 2490 Lipararum,
518 2415 581 2491 ipse
612 2413 648 2473 ad
675 2413 805 2492 auspiciu
832 2411 995 2490 repetenda
1014 2408 1183 2470 Messanam

135 2495 324 2567 transiturus,
344 2494 549 2594 praefecerat,
571 2514 635 2555 cunr
652 2515 746 2574 agger
766 2497 903 2555 incensus
925 2503 954 2553 et
977 2503 1065 2571 capta
1085 2503 1184 2553 castra

135 2585 237 2633 esseut
245 2577 367 2653 v,irgis
388 2595 506 2637 caesum
529 2581 558 2638 in
577 2598 725 2640 numerum
744 2578 906 2658 gregalium
923 2578 1053 2657 peditum
1075 2577 1184 2637 referri

136 2666 166 2716 et
188 2657 355 2718 munrerihus
376 2661 458 2738 iungi
479 2664 572 2723 iussit.

222 2758 273 2820 32.
312 2760 433 2822 Fulvius
451 2761 576 2824 Flaccus
596 2735 704 2825 censor
719 2761 851 2824 Fulvium
866 2763 986 2822 tratrem
1002 2779 1099 2835 snum,
1118 2760 1185 2839 quia

135 2845 302 2921 legionem,
332 2845 360 2905 in
388 2865 444 2926 qua
461 2847 591 2910 tribunus
612 2849 733 2910 militurn
753 2856 833 2924 erat,
857 2847 965 2908 iniussu
986 2844 1122 2906 consulis
1144 2844 1185 2904 di·

135 2931 272 3006 miserat,
296 2939 398 2992 senatu
414 2933 515 2992 movit.

221 3029 271 3090 33.
318 3029 356 3089 lll.
377 3027 450 3092 (lato
471 3032 508 3092 ab
529 3033 629 3094 hostili
651 3035 756 3110 litore,
780 3033 808 3091 iu
830 3048 889 3110 qno
912 3049 966 3110 per
981 3029 1097 3107 aliquot
1122 3027 1186 3086 dies

136 3123 301 3189 manserat,
324 3132 390 3173 cum
409 3123 456 3174 ter
475 3115 544 3176 dato
558 3117 752 3196 protectionis
774 3117 859 3194 siguo
883 3114 1010 3176 classem
1028 3111 1185 3185 solvisset,

138 3206 167 3254 et
190 3198 312 3256 relictus
340 3216 357 3256 e
384 3197 522 3258 militibus
550 3200 665 3278 quidam
691 3219 707 3262 a
734 3210 812 3260 terra
842 3199 920 3260 edita
940 3215 1018 3257 voce
1044 3204 1076 3254 et
1098 3203 1188 3272 gestu

138 3280 350 3355 expostularet,
363 3283 403 3339 nti
419 3281 583 3358 tolleretur,
600 3286 779 3344 circumactu
790 3282 825 3343 ad
841 3283 907 3343 litus
919 3283 1057 3341 universa
1073 3279 1187 3352 classe,

140 3358 381 3451 comprehensum
399 3364 548 3443 supplicio
569 3366 655 3426 adfici
676 3368 759 3426 iussit
782 3376 826 3441 et,
855 3383 942 3445 quem
971 3363 1104 3422 occisuri
1133 3379 1189 3442 per

139 3433 323 3506 ignominiam
344 3441 447 3505 hostes
468 3447 598 3535 lucrant,
620 3449 758 3529 exemplo
784 3449 882 3530 potius
902 3446 1062 3529 impendit.
