2475 3909
124 244 163 310 38
454 260 531 309 aux.
554 259 643 307 nunu
665 254 837 307 anounrm

121 416 259 495 repulsus
288 423 384 491 esset,
413 414 468 473 nisi
496 412 710 475 circummissus
737 414 773 474 ab
797 430 834 473 eo
853 413 975 473 Porcius
998 410 1093 488 Cato,
1124 414 1175 491 qui

122 508 197 576 tum,
219 501 274 559 iam
290 498 469 573 consularis,
488 498 618 557 tribunus
633 497 781 558 milituma
799 498 910 577 populo
923 498 1017 557 lactus
1034 497 1064 554 in
1085 505 1175 555 exer-

123 584 182 644 citu
206 594 285 659 erat,
310 583 433 643 deiectis
455 583 529 659 iugis
553 579 721 644 Callidromi
747 583 887 661 (montis)
908 579 1040 655 Aetolis,
1065 582 1176 657 quiea

124 667 272 747 praesidio
294 665 448 741 tenebant,
471 684 562 745 super
582 666 774 725 imminentem
794 668 899 725 castris
921 666 1010 742 regiis
1029 664 1175 724 collema

123 761 209 829 tergo
240 749 350 810 subitus
383 751 578 827 adparuisset.
625 747 691 821 Quo
715 750 793 811 lacto
827 749 1003 827 perturbatis
1032 746 1176 807 Antiochi

124 837 235 913 copiis,
265 835 409 912 utrimque
430 834 567 913 inrupere
585 832 708 893 Romani
728 843 757 893 et
779 834 851 894 lusis
874 836 910 892 iis
931 833 1102 910 fugatisque
1126 852 1174 892 ca·

124 927 183 977 stra
208 926 362 996 ceperunt.

210 1002 238 1061 5.
285 998 318 1060 G.
338 1000 485 1078 Sulpicius
508 998 625 1060 Peticus
647 1000 767 1077 consul,
799 1010 901 1060 contra
923 1000 1024 1060 Gallos
1051 998 1173 1059 dimica·

124 1094 204 1144 turus
223 1085 307 1144 iussit
338 1083 480 1144 muliones
512 1084 586 1144 clam
616 1086 645 1143 iu
663 1080 787 1145 ‘montes
814 1086 966 1164 proximos
994 1102 1060 1143 cum
1086 1084 1173 1143 mulis

124 1168 205 1228 abire
228 1178 258 1228 et
279 1168 419 1243 indidem,
444 1176 581 1227 conserto
604 1170 659 1227 iam
674 1169 812 1247 proelio,
833 1168 914 1229 velut
936 1170 1020 1247 equis
1042 1168 1173 1227 insiden-

123 1262 170 1313 tes
191 1261 339 1313 ostentare
367 1271 399 1311 se
422 1252 633 1331 pugnantibus:
664 1271 754 1331 quare
780 1252 872 1329 Galli,
897 1254 1100 1311 existimantes
1125 1251 1172 1311 ad-

124 1346 245 1397 ventare
269 1336 375 1396 auxilia
398 1336 552 1410 Romanis,
578 1352 698 1395 cessere
720 1338 776 1396 iam
797 1354 893 1416 paene
914 1338 1056 1395 victores.

211 1422 240 1483 6.
284 1419 393 1481 Marius
416 1422 495 1481 circa
515 1419 616 1499 Aquas
633 1420 769 1497 Sextias,
792 1439 857 1480 cum
880 1420 908 1478 in
929 1421 1024 1479 animo
1044 1418 1172 1478 haberet

126 1515 245 1585 postera
272 1505 319 1565 die
347 1506 517 1584 depugnare
546 1505 687 1564 advorsus
711 1503 878 1580 Teutonos,
907 1502 1079 1562 llarcellum
1109 1521 1174 1562 cum

125 1607 215 1669 parva
243 1605 325 1649 manu
353 1590 480 1667 equitum
507 1588 695 1667 peditumque
721 1598 809 1648 noctu
835 1596 903 1666 post
931 1596 1016 1664 terga
1044 1587 1173 1646 hostiam

124 1674 200 1733 misit
222 1682 252 1733 et
275 1672 311 1733 ad
331 1673 504 1751 implendam
525 1666 710 1731 multitudinis
728 1674 860 1750 speciem
876 1688 1020 1749 agasones
1035 1671 1173 1747 lixasque

125 1766 251 1819 armatos
281 1756 364 1815 simul
392 1757 436 1815 irc
462 1757 545 1815 iussit
567 1758 817 1836 iumentorumque
838 1773 969 1833 magnam
993 1764 1107 1833 partem
1132 1756 1172 1812 in·

125 1851 278 1901 stratorum
305 1838 504 1914 centunculis,
528 1847 558 1897 ut
580 1856 635 1916 per
658 1837 716 1899 hoc
738 1840 831 1901 iacies
855 1841 1001 1919 equitatus
1025 1838 1171 1898 obiicere-

125 1934 187 1999 tur,
211 1924 441 2005 praecepitque,
463 1931 512 1998 ut,
540 1940 604 1982 cum
627 1924 898 1985 animadvertissent
920 1924 1059 1982 committi
1083 1940 1170 2001 proe-

124 2008 210 2082 lium,
232 2008 289 2085 ipsi
304 2007 331 2065 in
349 2016 433 2083 terga
447 2006 572 2067 hostium
591 2006 816 2068 descenderent.
862 2007 917 2082 Qui
937 2006 1095 2085 adparatus
1110 2016 1169 2066 tan·

124 2102 183 2152 tum
206 2092 328 2151 terroris
349 2091 459 2167 intulit,
480 2099 510 2151 ut
531 2093 684 2171 asperrimi
705 2091 808 2152 hostes
830 2093 858 2150 in
879 2092 976 2169 lugam
999 2092 1081 2149 versi
1103 2093 1169 2149 sint.

210 2176 239 2235 7.
282 2174 407 2235 Licinius
428 2174 563 2252 Crassus,
588 2176 776 2254 lugitivorum
790 2175 871 2236 bello
886 2176 960 2254 apud
981 2171 1171 2234 Galamatium

126 2262 284 2339 (montem)
315 2261 472 2320 educturus
499 2261 617 2320 militem
647 2261 788 2320 adversus
816 2259 934 2320 Castum
960 2268 990 2318 et
1012 2258 1171 2318 Gannicum

125 2346 216 2405 duces
247 2344 411 2418 Gallorum,
440 2344 594 2403 duodecim
623 2344 763 2403 cohortes
792 2362 856 2403 cum
882 2342 917 2403 G.
947 2342 1111 2419 Pomptinis
1142 2351 1172 2401 et

123 2428 160 2502 Q.
185 2428 295 2488 lilarcio
312 2427 387 2486 liufo
410 2427 516 2503 legatis
538 2436 606 2504 post
629 2436 753 2486 montem
773 2428 966 2487 circummisit.
1013 2424 1070 2499 Qui
1089 2442 1170 2500 cum,

124 2514 280 2571 commisso
294 2512 348 2568 iam
364 2510 490 2588 proelio,
515 2520 629 2587 atergo
646 2510 773 2571 clamore
792 2511 907 2570 sublato
919 2510 1171 2585 decucurrissent,

122 2596 162 2653 ita
190 2593 326 2654 fuderunt
353 2594 472 2670 hostes,
501 2602 532 2653 ut
560 2594 669 2672 ubique
697 2595 786 2672 iuga,
814 2613 953 2673 nusquam
983 2589 1097 2673 pugna,
1122 2612 1171 2654 ca·

123 2686 305 2757 pensaretur.
495 2691 497 2697 ’
1008 2682 1011 2688 “

211 2760 240 2821 8.
285 2759 324 2820 Μ.
351 2760 510 2820 Marcellus
536 2778 600 2821 cum
627 2772 796 2837 vereretur,
824 2780 862 2821 ne
897 2762 1079 2839 paucitatem
1106 2763 1171 2821 eius

122 2846 242 2907 militum
271 2845 382 2906 clamor
408 2845 580 2922 detegeret,
610 2848 695 2907 simul
718 2846 792 2906 lixas
818 2845 998 2923 calonesque
1027 2854 1057 2904 et
1078 2848 1173 2905 omnis

123 2932 243 3009 generis
267 2930 404 3009 sequelae
428 2930 613 2991 conclamare
637 2933 736 3008 iussit,
758 2940 846 3009 atque
875 2932 914 2989 ita
937 2930 1050 2989 hostem
1074 2932 1172 3007 magui

124 3018 273 3079 exercitus
298 3017 398 3094 specie
420 3016 571 3073 exterruit.
665 3016 670 3023 '

209 3102 238 3162 9.
283 3100 419 3160 Valerius
445 3097 588 3157 Laevinus
617 3097 759 3157 adversus
784 3096 940 3180 Pyrrhum,
970 3099 1072 3157 occiso
1096 3114 1172 3176 qno*

124 3185 188 3245 dam
206 3184 322 3261 gregali
344 3193 446 3243 teneus
465 3182 592 3257 gladium
616 3191 782 3256 cruentum,
805 3186 919 3260 utrique
938 3179 1082 3242 exercitui
1101 3200 1171 3260 per⁴

125 3269 215 3324 suasit
244 3267 383 3339 Pyrrhum
408 3268 628 3343 interemptum:
656 3266 845 3343 quamobrem
879 3266 981 3325 hostes
1011 3266 1172 3326 destitutos

125 3364 159 3403 se
184 3347 265 3403 ducis
286 3359 379 3407 morte
403 3347 575 3425 credentes,
598 3346 777 3409 consternati
802 3369 819 3409 a
838 3349 990 3409 mendacio
1013 3368 1046 3409 sc
1070 3346 1172 3427 pavidi

125 3428 153 3485 in
177 3437 272 3485 castra
295 3440 481 3505 receperunt.

213 3508 260 3567 10.
305 3508 441 3585 iugurtha
464 3514 491 3571 in
510 3512 642 3573 Numidia
663 3513 803 3577 advenas
823 3514 856 3574 G.
875 3512 1012 3610 larium,
1037 3532 1102 3574 cum
1128 3515 1172 3574 la-
