2475 3909
227 201 653 273 smrnannnmcotms.
671 223 710 273 11.
733 222 932 276 cneorum.
1063 216 1100 275 51

459 374 611 439 CAPUT
633 376 709 438 Vll.

313 506 361 553 nn
383 494 659 557 mssununu'nms
681 508 864 557 novenos.

145 631 175 688 l.
221 627 323 689 Tullus
346 626 488 688 Hostilius
512 646 568 688 rex
587 628 801 706 Romanomm,
824 632 981 691 commisso
1003 631 1106 694 adver·

57 731 108 773 sus
126 712 272 775 Veientes
294 712 428 790 proelio,
450 730 514 771 cum
536 711 642 773 Albani
664 713 784 773 deserto
806 716 940 775 exercitu
961 714 1105 777 Romano-

55 815 119 856 rum
142 798 295 874 proximos
322 804 459 874 peterent
479 796 604 857 tumulos
627 814 723 876 eaque
749 815 800 857 res
820 798 968 859 turbasset
990 810 1106 861 nostro·

55 898 119 940 rum
132 880 263 955 animos,
288 880 368 939 clare
388 881 599 957 pronuntiavit,
622 883 702 941 iussu
717 898 771 941 suo
783 880 917 943 Albanos
931 882 960 942 id
983 883 1105 963 iecisse,

56 974 87 1024 ut
110 965 227 1024 hostem
250 964 502 1024 circumvenirent.
547 962 631 1037 Quae
649 983 699 1024 res
722 974 753 1024 et
773 974 917 1026 terrorem
931 967 1106 1029 Veientibus

56 1058 88 1110 et
99 1048 240 1109 Romanis
253 1048 385 1107 fiduciam
396 1046 511 1116 adtulit;
524 1066 645 1127 remque
657 1048 821 1110 inclinatam
833 1050 958 1111 consilio
970 1052 1105 1113 restituit.

144 1132 175 1191 2.
220 1131 251 1191 L.
275 1131 372 1208 Sulla,
403 1148 467 1192 cum
491 1131 661 1210 praelectus
682 1133 766 1208 eius,
789 1136 944 1195 eomitante
963 1154 1022 1196 uon
1044 1138 1106 1198 exi·

55 1236 114 1293 gua
137 1216 268 1293 equiturn
286 1232 387 1290 mauu,
411 1217 566 1275 commisso
589 1218 645 1277 iam
663 1217 781 1295 proelio
802 1219 838 1278 ad
859 1218 961 1278 hostes
981 1220 1105 1281 transiu-

56 1302 172 1377 gisset,
196 1300 512 1386 pronuntiavit,¹iussu
534 1317 587 1360 suo
609 1300 639 1361 id
658 1301 780 1367 laetum:
804 1318 898 1379 euque
920 1303 1033 1363 ratione
1055 1306 1106 1363 mi·

55 1386 145 1445 tuum
167 1384 275 1443 animos
297 1400 356 1442 non
378 1392 485 1445 tantum
510 1401 526 1444 a
549 1383 723 1443 confusione
745 1386 885 1459 retraxit,
909 1384 962 1443 sed
984 1386 1108 1463 quadam

56 1468 151 1528 etiam
169 1485 221 1546 spe
242 1468 388 1544 utilitatis,
409 1485 485 1546 quae
506 1468 535 1528 id
554 1467 707 1527 eonsilium
721 1475 858 1526 secutura
882 1476 979 1542 esset,
1002 1468 1107 1527 conlin-

56 1552 160 1611 mavit.
377 1574 379 1576 ·
802 1568 813 1587 ·

134 1634 175 1695 ,3.
220 1633 317 1710 ldem,
340 1652 404 1695 oum
424 1633 582 1695 auxiliares
600 1633 664 1695 eius
681 1633 761 1692 missi
780 1633 818 1692 ah
836 1634 901 1711 ipso
918 1634 1108 1695 circumventi

58 1720 97 1780 ab
122 1718 257 1779 hostibus
286 1727 315 1777 et
339 1718 486 1779 interiecti
513 1727 631 1794 essent,
658 1726 890 1793 tenereturque,
919 1736 957 1778 ne
984 1726 1109 1797 propter

58 1805 117 1864 hoc
135 1802 268 1864 damnum
282 1803 435 1863 uniuersus
447 1802 608 1882 trepidaret
620 1803 785 1878 exercitus,
806 1804 1013 1879 pronuntiavit,
1026 1804 1107 1862 auxi·

58 1890 167 1963 liures,
197 1888 245 1965 qui
272 1887 308 1947 ad
339 1882 537 1947 deiectionem
567 1888 801 1965 conspirassent,
830 1886 955 1946 consilio
978 1906 995 1946 a
1020 1904 1053 1947 se
1078 1888 1108 1946 in

58 1974 127 2032 loca
159 1972 258 2050 iniqua
286 1971 439 2031 deductos.
490 1969 533 2030 lta
561 1971 821 2032 manifestissimam
849 1971 963 2031 cladem
988 1971 1107 2030 ultionis

58 2056 245 2116 simulatione
274 2056 383 2115 velavit
410 2064 440 2115 et
467 2054 586 2114 militum
614 2055 725 2113 animos
745 2053 801 2113 hac
822 2056 1014 2131 persuasione
1037 2072 1106 2114 oon·

59 2140 194 2199 firmavit.
430 2126 444 2150 ⁶

145 2224 176 2282 A.
222 2222 342 2300 Scipio,
366 2239 429 2282 cunt
449 2221 593 2300 Syphacis
611 2220 703 2295 legati
724 2218 888 2277 nuntiarent
910 2219 938 2275 ei
959 2222 1040 2294 regis
1063 2221 1109 2278 sui

57 2308 193 2382 nomine,
217 2324 253 2365 ne
272 2306 378 2365 fiducia
394 2306 547 2365 societatis
570 2306 634 2365 eius
650 2320 689 2362 ex
704 2301 804 2362 Sicilia
826 2302 855 2360 iu
867 2300 998 2360 Africam
1016 2310 1109 2360 trans-

57 2394 137 2466 iret,
168 2391 302 2465 veritus,
333 2398 384 2449 ne·
404 2389 651 2450 confunderentur
683 2387 768 2447 animi
803 2402 943 2459 suorum,
977 2383 1109 2444 abscissa

57 2476 218 2553 peregrina
242 2475 384 2534 societate
397 2470 509 2534 'dimisit
528 2490 657 2553 propere
677 2472 793 2549 legatos
808 2479 839 2531 et
858 2469 963 2530 lamam
985 2468 1109 2544 diliudit,

57 2570 205 2637 tamquam
228 2557 305 2617 ultro
329 2574 344 2617 a
367 2555 504 2635 Syphace
525 2558 729 2617 arcessiretur.

145 2643 176 2701 5.
224 2640 260 2715 Q.
291 2643 457 2717 Sertorius,
483 2658 547 2701 cum
568 2643 633 2701 acie
655 2640 838 2714 decertaret,
865 2636 1039 2712 barbarum,
1061 2637 1111 2713 qui
1209 2623 1213 2629 ’

59 2728 86 2785 ei
105 2727 292 2785 nuntiaverat
312 2724 483 2785 Hirtuleium
505 2726 650 2803 periisse,
672 2724 801 2800 pugione
820 2723 953 2796 traiecit,
974 2739 1011 2780 ne
1035 2722 1111 2779 etin

57 2811 183 2870 aliorum
205 2810 234 2870 id
256 2811 386 2871 notitiam
408 2808 572 2889 pc'rierret,
597 2814 627 2865 et
649 2805 688 2864 ob
707 2805 765 2865 hoc
786 2806 871 2864 animi
894 2822 1011 2863 suorum
1032 2804 1110 2862 inlu·-

56 2902 217 2959 merentur.

145 2979 177 3039 6.
224 2976 393 3037 Alcibiades
422 2974 630 3048 Atheniensis,
657 2988 720 3031 curn
751 2967 788 3028 ab
814 2965 966 3041 Abydenis
995 2966 1111 3042 proelio

57 3060 237 3139 urgueretur
257 3060 413 3142 subitoque
436 3077 541 3137 magno
565 3075 651 3119 cursu
674 3055 787 3114 tristem
807 3050 967 3111 aduentare
989 3046 1112 3106 tabella·

57 3147 131 3205 rium
155 3144 429 3222 animadvertisset,
453 3162 519 3204 eum
540 3140 690 3222 prohibuit
708 3136 805 3217 palam
830 3135 948 3209 dicere,
972 3131 1041 3213 quid
1063 3132 1112 3191 ad·

54 3230 163 3290 ferret.
207 3228 322 3289 Deinde
343 3238 460 3289 secreto
480 3227 665 3301 sciscitatus,
688 3218 908 3283 aPharoabano
925 3219 1010 3294 regio
1028 3234 1113 3294 prae-

54 3315 139 3374 fecto
169 3310 298 3373 classem
321 3332 401 3373 suam
425 3312 606 3391 obpugnari,
633 3308 736 3369 celatis
762 3314 792 3364 et
813 3300 947 3362 hostibus
970 3311 1001 3362 et
1017 3300 1114 3361 militi·

54 3398 112 3459 bus
135 3396 284 3475 proelium
302 3397 379 3473 iniit,
402 3414 437 3457 ac
458 3404 600 3474 protenus
621 3393 657 3454 ad
678 3385 858 3469 eripiendam
879 3388 1006 3449 classem
1025 3387 1113 3448 ducto

54 3482 201 3557 exercitu,
217 3482 277 3541 suis
297 3498 384 3561 opem
405 3479 480 3541 tulit.
515 3480 518 3487 '

856 3572 901 3628 4*
