2475 3909
188 239 237 287 DE
256 238 377 300 AQUAE
398 238 572 288 uncrinus
594 240 697 288 uanis
719 241 842 290 ROMAE
863 241 980 290 ntitas.
1048 232 1108 292 117

144 395 197 457 73.
243 395 321 454 Anio
351 393 452 455 Norus
483 395 513 454 iu
547 397 761 456 commentariis
794 397 905 458 babere
944 397 1108 476 ponebatur

51 481 221 559 quinarias·
236 493 278 538 111
304 477 382 539 milia
410 491 552 539 ocnxnt.
596 478 715 540 Mausos
737 480 773 541 ad
795 490 883 559 caput
903 483 1023 560 repperi
1046 483 1106 560 qui·

52 565 158 624 uarias
186 577 225 622 lv
251 563 330 623 milia
357 574 585 624 mccxxxvrn:
618 564 758 642 amplius,
787 583 872 645 quam
897 567 925 624 iu
954 567 1108 645 conceptis

54 649 333 710 commentariorum
363 657 424 722 est,
458 647 597 725 quinariis
624 659 845 709 mccccnxxv.
898 647 1026 728 Quarum
1058 649 1107 710 ad·

56 733 247 810 quisitionem
269 749 328 791 nou
341 731 425 791 aride
439 748 485 789 me
500 731 654 809 amplecti,
677 749 735 810 quo
750 733 808 793 alio
825 734 912 795 modo
927 734 1108 794 manifestius

57 815 202 895 probem,
232 833 319 894 quarn
340 815 419 894 quod
439 816 468 874 iu
491 817 663 892 erogatione
684 819 812 894 ipsorum
836 819 1108 878 commentariorum

56 901 155 960 maior
176 917 245 976 pars
268 917 367 958 earum
389 896 575 958 continetur?
618 898 785 977 Eragautur
806 903 881 962 enirn
903 903 1052 981 quinariae
1070 915 1108 961 1v

57 983 139 1043 milia
165 995 224 1051 003
260 1001 325 1042 curu
352 983 481 1061 alioquin
508 985 537 1048 in
567 983 678 1044 eisdem
704 987 918 1047 commentariis
945 987 1108 1046 inveniatur

58 1068 220 1144 conceptio
241 1068 458 1146 nonamplius,
482 1085 567 1145 quam
583 1081 625 1126 111
641 1068 746 1129 milium
763 1083 904 1131 ccnxrn.
950 1071 1107 1131 Praeterea

60 1152 197 1228 intercipi
219 1168 277 1210 non
294 1160 401 1211 tautum
419 1164 563 1225 nxxvn,
585 1169 660 1229 quae
679 1153 755 1212 inter
772 1171 922 1215 mensuras
941 1163 1057 1214 nostras
1078 1163 1107 1213 et

59 1236 264 1313 erogationem
290 1238 448 1310 intersunt,
480 1235 533 1294 sed
556 1236 646 1312 longe
669 1237 840 1314 ampliorem
862 1239 978 1298 modum
1000 1238 1105 1315 depre-

59 1320 164 1379 hendi.
207 1318 253 1378 liu
275 1337 333 1398 quo
361 1320 499 1396 adparet,
529 1321 616 1379 etiam
640 1320 804 1379 exuberare
825 1321 1067 1398 comprehensam
1088 1339 1106 1380 a

60 1402 152 1462 nobis
173 1403 342 1463 mensuram.
387 1402 476 1464 Cuius
501 1404 546 1462 rei
567 1404 642 1462 ratio
665 1412 724 1482 est,
748 1403 891 1481 quodvis
914 1421 1008 1480 aquae
1022 1421 1106 1482 rapa·

61 1488 144 1561 nior,
172 1495 203 1546 ut
224 1505 261 1545 cx
281 1487 366 1564 largo
389 1497 418 1547 et
440 1487 532 1548 celeri
554 1487 670 1547 llumine
694 1496 836 1566 excepta,
859 1487 1019 1546 velocitate
1042 1487 1106 1565 ipsa

59 1570 182 1650 ampliat
202 1571 327 1630 modurn.

147 1657 199 1715 74.
243 1654 308 1714 Nou
323 1655 440 1730 dubito,
458 1655 573 1734 aliquos
588 1655 793 1730 adnotaturos,
817 1654 894 1734 quod
911 1654 1000 1730 louge
1016 1653 1107 1713 maior

61 1740 148 1817 copia
169 1742 243 1800 actis
264 1740 407 1799 mensuris
425 1741 542 1800 iuventa
563 1741 616 1815 sit,
639 1757 725 1819 quam
745 1741 774 1798 iu
795 1738 1010 1798 commentariis
1027 1737 1106 1796 Prin·

61 1826 168 1902 cipum.
214 1822 303 1884 Cuius
326 1825 370 1883 rei
396 1841 484 1884 causa
506 1832 551 1883 est
569 1842 655 1883 error
675 1842 791 1898 eorum,
822 1824 870 1902 qui
892 1822 928 1882 ab
951 1822 1032 1882 initio
1055 1840 1106 1901 pa·

60 1927 122 1966 rum
140 1906 300 1985 diligenter
321 1909 546 1986 uniuscuiusque
567 1908 701 1968 lecerunt
723 1909 963 1968 aestimationem.
1008 1906 1053 1965 Ac
1069 1925 1106 1964 ue

26 1997 33 2011 “
60 2001 139 2051 metu
168 1993 287 2052 aestatis
316 2002 365 2051 aut
391 1993 551 2051 siccitatum
569 1993 598 2050 iu
619 2001 727 2054 tanturn
749 1996 907 2052 averitate
930 2008 984 2052 eos
1006 2007 1106 2050 reces-

59 2079 138 2135 sisse
160 2077 295 2152 credam,
318 2076 429 2152 obstat,
455 2077 549 2154 quod,
573 2077 639 2154 ipso
656 2078 727 2136 actis
745 2078 887 2136 mensuris
902 2076 979 2136 lulio
993 2093 1106 2150 meuse,

58 2161 135 2220 banc
168 2161 396 2239 uniuscuiusque
423 2161 555 2239 copiam,
589 2177 665 2238 quae
694 2177 781 2238 supra
806 2161 916 2236 scripta
951 2165 1014 2234 est,
1044 2169 1107 2219 tota

59 2246 205 2322 deinceps
225 2253 338 2304 aestate
353 2244 503 2304 durantem
522 2244 686 2322 exploravi.
732 2242 931 2320 Quaecunque
949 2251 1045 2301 tamen
1061 2251 1107 2300 est

59 2346 168 2404 causa,
199 2346 274 2407 quae
298 2328 467 2407 praecedit,
496 2327 568 2387 illud
589 2329 688 2405 ntique
713 2327 876 2404 detegitur,
905 2326 1008 2384 decern
1029 2324 1107 2385 milla

57 2413 255 2492 quinariarum
277 2412 476 2480 intercidisse;
504 2413 571 2472 dum
592 2411 736 2471 beneficia
759 2429 810 2471 sua
830 2410 980 2488 Principes
1002 2427 1106 2470 secun·

58 2499 129 2557 dum
148 2496 265 2555 modum
286 2498 314 2556 in
337 2496 550 2556 commentariis
568 2496 745 2575 adscriptum
767 2503 940 2575 temperant.

147 2580 200 2640 75.
244 2581 379 2659 Sequens
402 2581 557 2640 diversitas
581 2589 641 2656 est,
666 2581 743 2659 quod
765 2581 838 2641 alius
858 2580 961 2640 modus
979 2578 1107 2657 concipi·

61 2675 109 2724 tur
135 2662 172 2724 ad
200 2666 310 2742 capita,
341 2665 415 2723 alius
443 2682 499 2723 nec
519 2665 628 2741 exiguo
651 2667 744 2724 minor
762 2666 790 2724 iu
811 2666 947 2743 piscinis,
974 2665 1106 2724 minimus

60 2749 170 2808 deiude
198 2747 401 2808 distributione
429 2749 602 2808 continetur.
654 2747 742 2806 Cuius
769 2750 813 2806 rei
840 2766 927 2806 causa
956 2748 1106 2808 est-fraus

59 2833 261 2911 aquariorum,
293 2849 368 2911 quos
392 2849 488 2911 aquas
515 2850 554 2892 ex
578 2828 712 2891 ductibus
734 2829 858 2907 publicis
880 2831 908 2887 iu
930 2831 1108 2907 privatorum

60 2935 133 2976 usus
156 2916 291 2976 derivare
312 2917 567 2995 deprehendimus.
612 2913 672 2974 Sed
691 2920 721 2972 et
738 2913 871 2990 plerique
889 2929 1106 2989 possessorum,

61 3020 78 3060 e
101 3018 224 3080 quorum
247 3003 325 3078 agris
347 3018 422 3078 aqua
447 2999 686 3073 circumducitur,
710 2995 831 3055 subinde
852 2995 960 3054 formas
978 2996 1107 3052 rivorum

60 3085 228 3164 perforaut;
251 3087 328 3145 unda
350 3085 397 3161 lit,
419 3094 451 3144 ut
473 3083 577 3144 ductus
596 3081 706 3161 publici
726 3078 889 3140 homiuibus
913 3078 1034 3157 privatis
1056 3077 1106 3135 rel

59 3169 97 3229 ad
118 3169 269 3228 hortorum
287 3187 371 3229 usum
392 3170 496 3229 itinera
513 3167 702 3246 suspendant.

148 3253 200 3314 76.
245 3253 291 3314 Ao
321 3254 359 3313 de
386 3254 464 3312 vitiis
490 3251 632 3312 eiusmodi
658 3267 715 3309 nec
743 3247 825 3327 plura
846 3264 902 3306 uec
924 3244 1027 3304 melius
1050 3243 1108 3304 dici

61 3346 201 3417 possunt,
224 3355 344 3415 quama
367 3335 471 3397 Caelio
492 3335 569 3395 Rufo
590 3335 668 3394 dicta
689 3341 755 3392 suut
775 3333 809 3390 in
826 3349 860 3391 ea
878 3329 1037 3405 concione,
1062 3331 1108 3389 cui

61 3421 163 3483 titulus
192 3432 238 3482 cst
256 3436 306 3482 Dm
328 3434 442 3494 noma.
488 3419 570 3493 Quae
593 3436 670 3477 nunc
692 3433 746 3476 nos
767 3417 861 3476 omnia
884 3413 970 3476 simili
991 3415 1110 3474 licentia

61 3515 219 3584 usurpata,
255 3507 363 3565 utinam
393 3522 452 3565 nou
478 3522 533 3582 per
561 3503 707 3578 offensas,
740 3499 947 3577 probaremus:
982 3501 1108 3575 irriguos
