2475 3909
1 2 116 153 J

1 208 4 261 l

183 232 526 286 snnnnnonmnmcoo
546 235 616 286 LIB.
640 235 690 287 111.
712 235 788 286 OAP.
810 237 882 288 XVI.
905 237 990 290 xv11.
1071 225 1111 287 77

64 409 153 471 qnam
173 398 341 470 opportuno
369 399 399 449 et
420 390 488 452 loco
512 399 543 451 et
564 399 697 470 tempore
720 392 851 469 iecerat,
879 390 1055 472 Gaesarem,
1075 395 1113 456 ad

65 475 221 536 castellum
235 475 316 554 quod
337 474 446 552 duplici
461 475 620 535 munitione
641 477 810 537 instructum
826 486 890 538 erat
911 478 996 539 avide
1013 480 1113 538 irrum-

64 568 203 638 pentem,
228 559 360 618 exterior
386 559 452 636 ipsc
475 558 667 619 circumfusus
690 578 799 621 eorona
822 561 975 639 obligavit,
998 571 1029 622 ut
1051 562 1113 638 ille,

63 646 142 704 inter
169 659 224 704 eos
254 657 329 721 qnos
356 640 512 702 obsidebat
538 653 569 702 et
597 661 651 703 eos
681 645 729 722 qui
757 653 841 706 extra
863 647 1114 708 circumvenerant

62 729 196 803 medius,
219 743 277 785 non
298 725 368 786 levo
390 726 553 804 periculum
574 735 605 786 et
628 727 830 789 detrimentum
850 731 987 794 senserit.

150 827 180 886 5.
218 824 338 886 Flavius
357 824 484 887 Fimbria
507 828 536 886 in
558 826 629 888 Asia
656 828 733 908 apud
759 829 949 905 Rhyndacum
970 828 1112 890 adversus

61 911 154 972 illium
170 908 360 987 biitlrridatis,
377 909 505 970 brachiis
532 910 569 970 ab
593 912 687 972 latere
716 911 825 990 ductis,
854 914 959 974 deinde
981 913 1062 975 iossa
1084 916 1113 973 in

60 996 162 1054 ironte
178 1011 339 1072 pereussa,
360 995 489 1073 quietem
505 994 534 1053 in
550 994 629 1056 vallo
644 997 764 1057 militem
779 999 886 1075 tenuit,
908 997 1004 1058 donec
1021 998 1111 1059 bosti-

61 1079 100 1138 lis
123 1079 269 1158 equitatus
288 1079 408 1138 intraret
428 1080 577 1156 angustias
598 1081 852 1151 munimentorum
876 1091 935 1142 tom
957 1083 1111 1163 eruptione

64 1164 143 1223 iacta
167 1179 222 1221 sex
241 1160 319 1221 milia
342 1179 443 1222 eorum
463 1163 578 1224 cecidit.
664 1197 666 1202 ·

150 1264 181 1326 6.
226 1259 261 1321 0.
281 1261 393 1324 Caesar
413 1265 442 1322 in
460 1261 572 1339 Gallia,
594 1263 702 1324 deletis
722 1263 759 1324 ab
778 1263 949 1343 Ambiorige
969 1284 1044 1344 rege
1063 1265 1110 1326 'l'i-

61 1348 132 1409 turii
151 1346 252 1408 Sabini
275 1356 304 1408 et
326 1344 431 1407 Cottae
454 1346 618 1424 legatorum
642 1348 752 1426 copiis,
776 1366 839 1408 cum
862 1367 878 1408 a
899 1347 935 1421 Q.
953 1347 1109 1426 Cicerone,

59 1434 113 1512 qui
142 1440 173 1493 et
201 1432 267 1508 ipse
288 1429 529 1509 obpugnabatnr,
556 1431 666 1490 certior
682 1430 778 1491 iactus
797 1449 862 1492 cnm
882 1430 993 1491 duabus
1016 1431 1109 1508 legio·

59 1515 147 1576 nibus
176 1513 365 1590 adventaret,
394 1515 546 1574 conversis
567 1513 716 1590 hostibus,
746 1523 852 1574 metum
875 1513 1018 1575 simulavit
1036 1517 1109 1576 mili·

58 1609 170 1678 tesque
186 1599 351 1671 incastris,
371 1616 447 1676 quae
466 1599 575 1658 artiora
593 1597 682 1657 solito
700 1597 840 1658 industria
853 1598 983 1673 iecerat,
1006 1601 1107 1661 tenuit.

59 1682 154 1759 Galli,
186 1692 373 1761 praesumpta
399 1683 455 1741 iam
474 1682 600 1743 victoria
622 1682 701 1743 velut
729 1680 925 1760 adpraedam
947 1691 1110 1744 castrorum

58 1767 235 1841 tendentes,
257 1765 354 1825 iussas
365 1766 489 1842 implere
505 1774 535 1825 et
550 1766 658 1827 vallum
671 1765 826 1827 detrahere
840 1775 1011 1844 coeperunt.
1043 1767 1107 1840 Qua

57 1870 91 1911 re
111 1850 229 1929 proelio
244 1865 303 1910 non
317 1856 432 1930 aptatos
449 1846 575 1926 Caesar,
593 1851 701 1911 emisso
718 1859 843 1931 repente
858 1849 984 1929 undique
1002 1850 1105 1926 milite,

57 1935 226 1996 trucidavit.

145 2035 175 2094 7.
199 2033 326 2095 Titurius
346 2033 489 2109 Sabinus,
510 2032 654 2093 adversus
677 2033 826 2096 Gallorum
845 2035 972 2114 amplum
991 2037 1105 2096 exerci-

55 2128 118 2178 tum
140 2118 317 2178 contiuendo
338 2118 458 2177 militem
473 2118 548 2178 intra
567 2118 757 2194 munimenta,
781 2121 926 2198 praestitit
944 2120 987 2178 eis
1009 2121 1104 2198 suspi-

57 2205 176 2264 cionem
194 2203 362 2270 metuentis;
386 2203 468 2262 cuius
491 2200 644 2279 augendae
663 2219 750 2262 causa
773 2201 926 2282 perfugam
941 2203 1033 2278 misit,
1056 2206 1105 2281 qui

56 2283 234 2351 adfirmaret·
247 2286 408 2346 exercitum
422 2281 618 2344 Romanorum
640 2284 670 2344 in
692 2285 899 2366 desperatione
925 2302 993 2344 esse
1014 2303 1048 2344 ac
1067 2286 1105 2348 de

56 2370 129 2447 iuga
161 2371 302 2447 cogitare.
345 2366 468 2429 Barbari
490 2369 590 2430 oblata
611 2369 755 2431 victoriae
784 2387 839 2449 spe
860 2368 996 2430 concitati
1018 2369 1104 2446 lignis

54 2455 271 2533 sarmentisque
296 2471 330 2514 se
360 2461 573 2528 oneraverunt,
596 2453 701 2532 quibus
723 2453 820 2516 iossas
839 2451 1039 2532 complerent,
1063 2454 1103 2512 in-

55 2540 199 2616 gentique
222 2556 308 2597 cursu
328 2547 423 2598 castra
445 2545 544 2596 nostra
565 2538 594 2596 in
612 2537 691 2602 colle
707 2539 803 2617 posita
824 2539 1004 2617 petiverunt:
1027 2536 1104 2598 unde

53 2623 83 2680 in
105 2639 161 2681 eos
178 2619 305 2681 Titurius
321 2623 473 2681 uniuersas
495 2621 610 2682 immisit
633 2622 753 2700 copias,
776 2623 933 2702 multisque
956 2620 1105 2684 Gallorum

54 2706 154 2766 caesis
167 2705 314 2784 plurimos
334 2706 364 2765 in
384 2704 561 2766 deditionem
580 2707 706 2784 accepit.
775 2762 778 2770 .

142 2802 173 2865 8.
216 2804 375 2880 Asculani,
395 2802 584 2884 obpugnante
600 2821 701 2864 eorum
717 2805 855 2884 oppidum
869 2803 1021 2883 Pompeio,
1038 2825 1103 2866 cnm
1142 2821 1144 2825 ’

53 2904 169 2968 pancos
189 2905 279 2949 senes
298 2889 452 2966 aegrosin
471 2890 560 2963 muris
573 2887 781 2965 ostendissent,
803 2886 841 2946 ob
856 2888 886 2948 id
905 2905 1027 2949 securos
1043 2887 1102 2948 Ro-

51 2983 156 3034 manos
175 2974 329 3051 eruptione
351 2971 429 3033 iacta
446 2973 630 3050 fugaverunt.

139 3073 170 3134 9.
214 3072 377 3134 Numantini
403 3072 521 3132 obsessi
553 3088 591 3130 ne
619 3088 675 3151 pro
700 3069 780 3131 vallo
811 3069 929 3147 quidem
957 3070 1100 3130 instruxe-

50 3165 120 3217 runt
150 3157 244 3218 aciem
277 3156 412 3235 adeoque
440 3174 474 3216 se
504 3156 730 3230 continuerunt,
762 3161 793 3214 ut
821 3153 948 3233 Popillio
981 3152 1100 3214 Laenati

49 3240 159 3301 fiducia
184 3241 271 3302 lieret
291 3240 381 3302 scalis
402 3238 541 3318 oppidum
564 3238 771 3316 adgrediendi:
795 3254 853 3315 quo
875 3237 980 3298 deinde
1003 3239 1098 3316 suspi-

50 3333 139 3385 cante
163 3324 301 3402 insidias‚
330 3325 396 3402 quia
424 3341 461 3382 ne
487 3332 556 3385 tunc
583 3324 700 3401 quidem
727 3321 941 3398 obsistebatnr,
970 3339 1005 3382 ao
1028 3340 1097 3382 suos

47 3419 233 3486 revocante,
263 3409 417 3488 eruptione
443 3406 520 3468 iacta
548 3423 672 3467 aversos
699 3414 729 3466 et
760 3404 976 3468 descendentes
1003 3407 1098 3468 adorti
