2475 3909
124 218 165 279 at
461 229 536 278 sax.
559 230 649 277 tucn
666 229 836 279 rnonnnn

124 386 227 448 consul
250 394 279 445 et
301 384 420 446 adortus
438 392 548 444 temera
573 394 602 444 et
622 387 786 457 insecutus,
806 385 933 444 ieiunum
955 387 1121 446 exercitum
1144 388 1172 445 in

124 472 247 531 maximo
275 470 386 547 frigore
412 469 533 530 transitu
562 468 686 528 fluminis
714 468 866 544 rigeiecit:
894 486 963 529 mox
989 479 1115 548 torpore
1144 479 1173 530 et

123 555 219 615 inedia
241 554 365 613 adfectis
386 551 528 612 Hannibal
549 571 631 612 suum
653 552 771 611 militem
795 552 948 630 obposuit,
978 572 1066 631 quem
1091 554 1129 613 ad
1144 555 1172 613 id

125 638 241 716 ignibus
264 638 393 715 oleoque
415 646 444 695 et
467 637 533 695 cibo
551 635 677 697 foverat.
721 634 786 695 Nec
807 637 899 696 deluit
917 637 1049 716 partibus
1069 636 1171 714 Mago,

126 725 194 802 quin
217 732 301 799 terga
326 722 451 781 hostiurn
474 722 503 779 in
524 720 581 781 boc
604 722 752 781 ordinatus
774 721 926 781 caederet.

211 804 260 865 24.
305 805 384 865 Idem
409 805 446 864 ad
469 804 685 880 Trasimenum,
712 822 777 863 cnm
803 813 866 865 arta
893 804 1035 882 quaedam
1064 806 1114 863 via
1144 806 1172 863 in

123 890 223 949 radice
246 890 349 948 montis
370 891 398 947 in
420 905 540 968 campos
561 897 697 967 patentes
717 887 855 963 duceret,
874 889 1006 949 simulata
1026 888 1098 964 iuga
1117 907 1172 965 per

125 974 272 1049 angustias
301 972 336 1031 ad
364 974 492 1050 patentia
521 974 614 1033 evasit
637 972 735 1050 ibique
765 982 861 1032 castra
886 975 1000 1050 posuit,
1024 990 1060 1031 ac
1081 982 1172 1031 noete

125 1057 275 1135 dispositis
302 1056 458 1131 militibus,
489 1064 518 1114 et
540 1074 595 1134 per
615 1056 725 1117 collem
742 1058 791 1134 qui
808 1056 973 1115 imminebat
996 1064 1027 1114 et
1046 1057 1079 1114 in
1098 1056 1171 1115 late·

124 1142 204 1202 ribus
229 1142 423 1218 angustiarum
446 1141 535 1218 prima
557 1140 641 1214 luce,
665 1140 771 1201 nebula
791 1158 910 1219 quoqne
927 1141 1059 1214 adiutas,
1077 1142 1173 1199 aciem

125 1225 241 1286 direxit.
287 1224 461 1298 Flaminius,
480 1224 561 1283 velut
580 1224 740 1301 lugientem
758 1227 918 1301 insequens
936 1243 1000 1283 cum
1021 1226 1173 1300 angustias

125 1318 207 1369 osset
233 1310 401 1385 ingressus,
430 1326 488 1368 non
511 1317 577 1367 ante
607 1309 734 1387 providit
757 1307 894 1383 insidias,
924 1326 1008 1386 quarn
1038 1307 1126 1367 simul
1156 1328 1172 1367 a

124 1395 238 1468 irontc,
265 1392 423 1468 lateribus,
448 1402 533 1470 tergo
560 1393 752 1453 circumfusus
782 1393 819 1454 ad
848 1394 1082 1452 internecionem
1105 1410 1170 1451 enm

125 1480 257 1538 exercitu
278 1478 461 1537 caederetur.

209 1562 260 1623 25.
305 1560 387 1621 Idem
397 1561 539 1622 Hannibal
558 1561 700 1621 adversus
717 1559 756 1620 ll.
768 1559 879 1622 lunium
890 1562 1063 1621 dictatorem
1080 1569 1169 1619 nocte

124 1649 297 1725 intempesta
317 1647 464 1705 sexcentis
487 1644 633 1725 equitibus
653 1647 823 1725 imperavit,
845 1655 875 1705 nt
892 1648 921 1704 in
942 1646 1044 1723 plnres
1061 1653 1171 1702 turmas

124 1731 274 1807 segregati
301 1747 356 1808 per
386 1731 468 1789 vices
498 1732 560 1788 sine
586 1730 800 1789 intermissione
823 1731 901 1790 circa
924 1737 1021 1789 castra
1042 1728 1170 1787 bostium

124 1834 158 1874 se
182 1822 371 1874 ostentarent.
416 1812 459 1873 lta
483 1822 543 1874 tota
566 1822 654 1871 nocte
676 1812 815 1873 Romanis
836 1816 866 1873 in
887 1814 966 1874 vallo
985 1813 1112 1871 statione
1134 1830 1170 1870 ac

123 1899 238 1977 pluvia,
265 1915 340 1974 quae
367 1896 444 1955 forte
471 1898 605 1957 continua
628 1898 742 1972 iuerat,
764 1900 929 1976 inquietatis
952 1895 1169 1973 coniectisque,

124 2000 188 2040 oum
209 1982 343 2059 receptui
370 1982 482 2057 signum
504 1982 559 2041 iam
576 1980 675 2061 lunius
697 1982 845 2058 dedisset,
867 1980 1009 2042 Hannibal
1029 1997 1099 2039 suos
1122 1998 1170 2038 re·

125 2066 242 2143 quietos
266 2064 365 2125 eduxit
386 2074 415 2126 et
437 2074 532 2126 castra
555 2068 618 2125 eius
641 2066 755 2125 invasit.

86 2170 89 2175 ·
208 2148 259 2210 26.
303 2146 517 2226 Epaminondas
545 2148 700 2210 Thebanus
730 2151 759 2208 in
781 2147 914 2208 eumdem
939 2149 1072 2223 modum,
1102 2166 1170 2206 curn

121 2233 344 2294 Lacedaemonii
373 2235 409 2295 ad
430 2234 557 2295 Isthmon
581 2234 661 2293 vallo
683 2234 771 2294 ducto
793 2233 1028 2311 Peloponnesum
1049 2242 1169 2291 tueren-

122 2327 184 2392 tur,
207 2336 366 2397 paucorum
392 2336 485 2395 opera
512 2318 587 2377 levis
617 2327 779 2377 armaturae
807 2326 867 2377 tota
893 2326 979 2375 nocte
997 2316 1172 2393 inquietavit

122 2400 251 2470 bostem;
275 2421 310 2462 ac
327 2402 432 2461 deinde
454 2402 545 2478 prima
565 2400 631 2459 luce
652 2403 767 2461 vocatis
790 2403 868 2475 suis,
891 2419 956 2461 cnm
970 2399 1169 2459 Lacedaemo-

122 2486 161 2544 nii
184 2503 216 2543 se
239 2486 439 2561 recepissent,
469 2482 564 2543 subito
584 2485 750 2544 universnm
772 2486 950 2560 exercitum,
976 2502 1063 2561 quem
1085 2485 1169 2561 qnie-

121 2578 180 2627 tum
202 2566 362 2641 babuerat,
385 2566 511 2625 admovit
530 2576 559 2627 et
576 2584 631 2645 per
647 2569 710 2645 ipsa
727 2570 917 2644 munimenta,
941 2568 1078 2628 destituta
1097 2586 1169 2645 pro-

123 2650 349 2730 pugnatoribus,
371 2651 487 2727 inrupit.

207 2731 258 2795 27.
303 2732 461 2809 Hannibal,
479 2735 590 2795 directa
607 2736 672 2794 acie
684 2734 719 2794 ad
733 2734 864 2813 Cannas,
880 2745 1040 2796 sexcentos
1051 2733 1170 2812 equites

122 2816 259 2879 Numidas
282 2818 467 2895 transfugere
492 2820 591 2894 iussit,
621 2820 671 2897 qui
694 2820 730 2879 ad
758 2820 845 2880 ulem
866 2819 1029 2879 faciendam
1050 2816 1170 2895 gladios

123 2912 152 2963 et
175 2911 257 2963 scuta
279 2905 388 2963 nostris
409 2904 603 2964 tradiderunt:
636 2903 690 2963 sed
712 2905 741 2963 in
763 2904 892 2964 ultimum
913 2922 1018 2981 agmen
1039 2902 1169 2978 recepti,

122 2988 171 3048 ubi
187 2990 308 3067 primum
329 2990 463 3049 concurri
486 2989 600 3066 coepit,
629 2988 738 3068 strictis
759 2989 918 3048 minoribus
940 3005 1015 3066 quos
1035 2986 1169 3047 occulta-

121 3083 223 3133 verant
242 3073 365 3150 gladiis,
387 3073 477 3132 scutis
498 3073 652 3132 iacentium
676 3072 831 3148 adsumtis,
857 3072 1051 3132 Romanorum
1073 3070 1171 3129 aciem

122 3158 301 3217 ceciderunt.

209 3239 258 3297 28.
303 3239 430 3317 lapydes
448 3239 479 3299 Ρ.
495 3239 604 3299 Licinio
627 3240 797 3318 proconsuli
816 3257 948 3318 paganos
970 3255 1089 3319 qnoque
1111 3236 1169 3296 sub

125 3324 227 3396 specie
249 3321 401 3381 deditionis
424 3324 606 3399 obtulerunt,
626 3326 673 3401 qui
690 3326 805 3402 recepti
826 3334 856 3384 et
876 3327 906 3383 in
928 3332 1078 3404 postrema
1101 3322 1169 3381 acie

126 3402 272 3461 conlocati
293 3412 377 3477 terga
398 3404 593 3467 Romanorum
612 3409 791 3467 ceciderunt.

212 3482 261 3544 29.
307 3486 602 3567 ScipioAfricanus,
634 3509 697 3550 cn·
720 3491 843 3553 aduersa
869 3489 995 3552 haberet
1018 3490 1086 3553 bina
1114 3490 1170 3551 bo-
