2475 3909
9 228 10 237 ’
130 231 172 295 84
462 241 537 290 444.
560 239 649 289 suun
671 237 842 288 44444444
890 247 902 272 ·

129 399 223 457 iussit.
268 396 339 456 l’ost
363 394 439 456 44444
464 393 635 455 seditiosum
670 393 819 471 legionem
844 395 984 453 inermem
1011 395 1183 472 procedere

130 481 362 558 distinctumque
381 480 411 538 in
435 486 597 556 conspectu
612 480 714 537 armati
730 477 879 537 exercitus
901 486 1059 537 stramenta
1081 481 1184 554 coegit

130 581 253 640 secure,
276 572 399 642 postero
422 571 518 623 autern
539 562 588 622 444
610 562 744 621 similiter
764 562 875 620 iussam
888 561 1049 622 discinctos
1071 563 1182 622 milites

129 651 248 724 444444,
271 647 417 724 nullisque
430 645 569 725 precibus
580 645 707 722 legionis
725 646 875 724 impetrari
894 644 931 704 ab
947 661 984 704 eo
1007 647 1119 723 potnit,
1142 664 1181 704 ne

130 734 215 809 signa
241 732 305 791 eius
332 731 514 790 submitteret
533 746 700 807 nomenque
723 727 875 803 aboleret,
903 729 1011 789 milites
1035 738 1134 789 nutem
1152 731 1180 788 in

129 815 364 893 supplementum
386 823 550 872 ceterarum
571 812 718 889 legionum
738 811 935 872 distribueret.

215 899 267 957 44.
311 895 348 970 Q.
377 895 501 972 Fulvio,
529 893 629 974 Appio
655 893 779 955 Claudio
799 895 987 972 consulibus,
1018 913 1179 974 expugna

131 977 278 1040 Cannensi
301 982 330 1039 in
352 979 480 1039 Siciliam
499 979 536 1039 ub
558 989 661 1040 senatu
681 979 805 1056 relegati
822 979 1044 1058 postulaverunt
1066 998 1084 1040 4
1109 998 1177 1038 con·

129 1063 196 1122 sule
217 1061 255 1123 ll.
279 1061 439 1139 blancello,
471 1071 499 1122 ut
524 1064 554 1121 in
575 1063 719 1141 proelium
743 1063 927 1124 ducerentur.
970 1061 1026 1123 llle
1045 1072 1177 1123 senatum

131 1147 292 1208 consuluit:
321 1155 440 1207 senatus
468 1147 586 1222 negarit
608 1147 664 1206 sibi
687 1145 808 1226 placere
832 1147 969 1206 committi
991 1147 1036 1206 bis
1059 1163 1175 1225 rempu-

128 1229 254 1304 blicam,
282 1247 367 1308 quam
396 1230 609 1298 deseruissent:
638 1227 781 1290 blancello
801 1237 897 1290 tanuen
919 1231 1052 1310 permisit
1071 1231 1174 1290 iacere

152 1313 209 1374 uod
227 1315 394 1390 videretur,
423 1315 489 1374 dum
514 1331 552 1372 nc
581 1315 646 1391 quis
676 1331 776 1373 eorum
798 1332 917 1374 munere
939 1323 1076 1389 vacaret,
1099 1331 1173 1373 neve

128 1333 302 1474 locaretur,
325 1413 401 1457 nere
416 1396 495 1476 quod
513 1399 672 1475 praemium
687 1397 797 1474 444444,
820 1415 877 1458 neu
892 1399 926 1457 in·
938 1396 1050 1458 ltaliam
1070 1415 1172 1476 repor-

128 1491 256 1557 taretur,
277 1479 343 1541 dum
365 1479 456 1540 Poeni
478 1482 507 1539 in
529 1490 689 1540 suessent.

212 1567 264 1625 45.
302 1563 341 1624 bl.
356 1564 505 1625 Salinator
519 1565 682 1624 consularis
694 1564 843 1624 damnatus
862 1572 907 1624 444
922 1581 939 1624 4
953 1563 1078 1643 populo,
1097 1565 1172 1643 quod

128 1648 266 1726 praedam
288 1665 347 1707 non
369 1649 533 1727 aequaliter
555 1648 694 1708 diuiserat
715 1648 862 1708 militibus.

214 1733 265 1793 46.
311 1729 384 1791 Cum
409 1750 426 1792 4
447 1731 599 1808 Liguribus
622 1733 650 1791 in
672 1727 787 1811 proelio
811 1731 848 1804 Q.
871 1729 991 1791 Petilius
1007 1730 1113 1790 consul
1132 1733 1170 1789 in·

127 1814 271 1874 terlectus
293 1824 391 1889 esset,
415 1814 548 1873 decrevit
568 1825 704 1891 senatus,
727 1825 758 1874 44
780 1833 815 1876 44
838 1814 935 1892 legio,
955 1815 1088 1873 4444444
1110 1816 1170 1874 4444

128 1897 233 1957 consul
258 1907 322 1958 erat
344 1897 480 1971 4444444,
508 1905 569 1956 4444
597 1898 767 1977 infrequens
792 1899 971 1973 referretur,
995 1899 1170 1976 stipendium

127 1997 250 2041 annuum
270 1983 298 2041 44
317 1997 376 2040 non
397 1969 519 2042 daretur*
536 1999 665 2061 aeraque
682 1981 928 2043 rescinderentur.

536 2147 688 2209 cnsttu
717 2147 759 2208 44.

405 2281 453 2328 44
477 2277 636 2326 nonnoso
658 2277 892 2326 orscurnntnu.

214 2403 242 2459 4.
286 2399 366 2460 Bruti
395 2409 425 2460 44
445 2399 539 2460 Cassii
565 2399 731 2475 exercitus,
761 2398 920 2457 memoriae
942 2396 1089 2475 proditum
1114 2405 1166 2470 444,

125 2483 208 2542 bello
230 2483 308 2541 444444
332 2499 397 2541 curn
418 2499 474 2542 una
500 2500 556 2560 per
576 2480 779 2541 Macedoniarn
800 2483 855 2542 iter
876 2481 1009 2540 44444444
1028 2482 1167 2559 priorque

124 2565 230 2623 Brutum
258 2565 295 2624 ad
322 2564 456 2641 linaium,
481 2567 511 2624 44
533 2580 592 2643 quo
621 2574 740 2641 pontem
765 2567 844 2642 iungi
866 2564 1039 2642 oportebat,
1062 2581 1167 2642 perve-

124 2647 234 2720 nisset,
264 2644 359 2706 Gasaii
385 2655 481 2708 tamen
508 2648 669 2708 exercitum
696 2660 725 2710 et
748 2652 776 2708 in
798 2647 954 2708 efficiendo
976 2657 1068 2726 ponte
1091 2657 1121 2708 et
1143 2650 1170 2706 in

123 2725 245 2790 transitu
266 2731 435 2792 maturando
457 2733 670 2811 praecessisse.
716 2732 772 2807 Qui
794 2733 880 2809 vigor
901 2731 1076 2810 disciplinae
1098 2732 1169 2791 elie-

124 2815 181 2890 cit,
203 2822 234 2872 ut
253 2816 422 2875 nouaclum
444 2818 478 2876 in·
493 2815 632 2896 operibus
653 2835 754 2877 verum
773 2825 803 2876 et
823 2818 851 2875 in
867 2833 976 2876 summa
994 2815 1068 2876 belli
1084 2833 1170 2895 prae-

124 2907 236 2960 starent
254 2896 386 2959 Gassiani
407 2899 571 2961 Brutiauos.

208 2981 238 3042 2.
285 2982 318 3043 G.
342 2982 466 3059 llarius,
486 3002 551 3044 cum
573 2981 742 3043 facultatem
765 2981 893 3059 eligendi
914 2985 1061 3043 exercitus
1079 2983 1172 3042 habe·

121 3078 184 3143 ret,
207 3085 247 3127 ex
269 3066 400 3145 duobus,
424 3069 473 3145 qui
486 3067 541 3127 sub
556 3065 664 3126 Rutilio
683 3068 777 3143 etqui
795 3064 982 3126 nubiletello
1004 3084 1040 3126 44
1062 3076 1173 3145 postea

122 3151 178 3210 sub
206 3167 239 3210 se
266 3153 334 3228 ipso
357 3159 540 3225 meruerant,
569 3149 760 3224 Rutilianum,
786 3151 927 3210 minorem
948 3150 1083 3229 quidem,
1116 3151 1172 3210 sed
1231 3229 1232 3232 Ἴ

122 3235 190 3309 quia
212 3235 403 3294 correctioris
424 3234 597 3312 disciplinae
618 3232 829 3309 arbitrabatur,
850 3236 1042 3312 praeoptavit.

207 3314 237 3372 3.
279 3315 423 3376 Domitius
445 3315 576 3377 Corbulo
599 3315 711 3377 duabus
734 3317 900 3394 legionibus
922 3327 952 3378 44
981 3319 1172 3396 paucissimis

123 3392 257 3466 auxiliis,
273 3395 426 3472 disciplina
445 3409 596 3473 correcta,
612 3399 736 3459 Parthos
752 3401 896 3459 sustinuit.

208 3473 238 3530 4.
269 3473 452 3538 ’4444444444
479 3481 602 3542 blacerio
641 3482 831 3558 quadraginta
862 3482 977 3542 milibus
1007 3482 1172 3560 bominum,
