2475 3909
402 675 507 806 llll.
535 687 655 807 ltlll
684 683 912 804 llolllllt

164 1009 357 1102 atilli
394 1007 701 1093 ocellatis
737 1003 917 1092 tants
960 1001 1164 1086 nodos

576 1175 739 1240 LIBER.

537 1337 781 1354 ψ

229 1469 258 1525 1.
302 1463 375 1526 Gom
393 1464 486 1524 omnis
506 1481 557 1524 res
578 1463 616 1524 alt
637 1462 819 1543 Imperatore
842 1461 979 1538 delegata
1000 1461 1189 1521 intentiorem

142 1551 243 1628 exigat
272 1567 388 1617 curam;
414 1558 445 1609 et
469 1564 517 1608 me
538 1567 592 1609 seu
613 1548 753 1610 naturalis
775 1545 942 1608 sollicitudo
966 1563 1019 1606 seu
1042 1545 1122 1606 fides
1145 1563 1188 1604 se·

141 1634 211 1696 dula
238 1650 298 1694 non
324 1633 362 1694 ad
389 1632 569 1709 diligentiam
595 1633 700 1708 modo,
726 1649 829 1692 verum
855 1629 892 1690 ad
914 1645 1044 1690 amorem
1068 1645 1189 1707 quoque

143 1718 316 1779 commisere
335 1716 380 1777 rei
400 1717 550 1793 instigeut;
571 1717 667 1795 sitque
688 1733 764 1776 nuno
781 1714 850 1776 mihi
871 1714 908 1776 ab
922 1713 1022 1774 Nerva
1040 1713 1189 1790 Augusto,

142 1803 246 1864 nescio
257 1800 443 1877 diligentiore
461 1817 498 1859 an
508 1802 667 1861 ementiore
685 1799 877 1878 reipublicae
890 1797 1086 1876 Imperatore,
1101 1814 1189 1874 aque·

142 1902 206 1946 rum
231 1884 388 1943 iniunctum
408 1881 553 1959 officinm,
580 1892 641 1943 tum
670 1883 707 1945 ad
734 1900 817 1944 usum
842 1890 901 1942 tum
927 1882 964 1942 ad
987 1880 1189 1941 salubritatem

142 1977 231 2047 atque
252 1965 391 2026 etiamad
409 1966 596 2027 securitatem
613 1966 696 2028 urbis
713 1968 874 2046 pertinens,
891 1964 1120 2027 administratum
1136 1981 1190 2042 per

142 2052 293 2131 principes
315 2067 434 2128 semper
455 2051 581 2112 civitatis
601 2060 722 2113 nostrae
745 2051 842 2110 cives:
871 2050 992 2128 primurn
1013 2065 1050 2108 ae
1071 2048 1189 2127 potissi-

143 2151 221 2195 mum
244 2133 397 2211 existimo,
426 2135 503 2195 sicut
529 2136 559 2196 in
585 2136 694 2196 ceteris
719 2135 849 2212 negotiis
870 2134 1069 2207 institueram,
1100 2149 1189 2190 nosse

145 2218 225 2298 quod
252 2220 382 2299 suscepi.
427 2217 491 2298 (2.)
513 2218 618 2299 Neque
648 2219 725 2279 enim
744 2218 834 2278 ullum
857 2218 948 2277 omnis
975 2225 1058 2276 actus
1080 2216 1189 2276 certius

145 2303 361 2364 fundumentum
380 2302 567 2372 crediderime
596 2311 644 2364 aut
666 2303 768 2378 aliter,
797 2318 872 2379 quae
898 2300 1032 2361 iacienda
1053 2315 1189 2379 quaeque

145 2387 262 2447 vitanda
289 2388 363 2462 sint,
390 2403 482 2464 posse
511 2385 647 2455 decerni;
674 2386 791 2447 aliudve
811 2393 869 2445 tam
890 2385 1060 2446 indecorum
1081 2384 1189 2443 tolera

145 2469 199 2530 bili
217 2471 299 2544 uiro,
320 2485 407 2548 quam
423 2468 591 2545 delegatum
608 2469 736 2530 cilicium
758 2487 796 2528 ex
816 2468 976 2530 adiutorunr
992 2486 1086 2546 ogere
1107 2484 1190 2546 prae·

148 2553 259 2629 ceptis:
282 2551 361 2628 quod
383 2550 447 2610 deri
464 2567 592 2611 necesse
612 2562 675 2630 est,
704 2553 840 2633 quotiens
860 2554 1004 2631 imperitia
1026 2553 1192 2630 praecessit

51 2695 54 2700 ,
149 2634 224 2708 eius,
235 2632 273 2693 ad
288 2633 370 2692 euius
386 2632 492 2694 crebro
507 2634 672 2698 decurritur
681 2655 778 2699 usum:
796 2653 918 2715 quorum
933 2637 989 2698 etsi
1003 2635 1191 2697 necessariae

148 2725 250 2796 partes
270 2724 336 2776 sunt
356 2715 394 2779 ad
412 2717 617 2797 ministerium,
641 2728 737 2782 tamen
759 2721 815 2781 sint
834 2738 893 2780 non
913 2722 968 2781 nisi
985 2737 1088 2780 manns
1104 2737 1191 2798 quae·

148 2800 264 2861 damet
285 2800 503 2862 instrumentum
524 2805 648 2881 agentis.
692 2805 881 2884 Quapropter
899 2821 953 2881 es,
976 2821 1053 2882 quae
1072 2804 1111 2864 ad
1133 2805 1191 2862 uni·

148 2901 265 2946 versam
278 2902 341 2948 rem
359 2887 535 2966 pertinentia
556 2888 730 2950 contrahere
745 2890 843 2968 potui,
863 2889 1016 2948 moreium
1034 2905 1092 2966 per
1106 2887 1192 2947 multa

146 2969 218 3032 mili
246 2969 345 3031 oilicia
369 2980 488 3032 servato
516 2971 546 3030 in
566 2973 699 3034 ordinem
720 2981 751 3034 et
774 2973 857 3033 velut
879 2973 909 3032 in
931 2989 1040 3050 corpus
1064 2970 1192 3045 diducta,

149 3058 179 3116 in
200 3055 278 3115 lnunc
295 3056 530 3120 commentarium
543 3057 669 3133 contuli,
693 3074 779 3134 quem
798 3072 853 3135 pro
868 3056 992 3116 iormulu
1013 3055 1191 3116 administra·

149 3139 238 3199 tionis
262 3139 416 3218 respicere
442 3155 571 3218 possem.
615 3140 649 3202 ln
676 3140 742 3201 eliis
767 3148 863 3201 autem
892 3139 989 3215 libris,
1021 3155 1100 3218 quos
1128 3147 1192 3218 post

152 3222 353 3298 experimenta
381 3232 411 3283 et
433 3241 516 3284 usum
533 3226 702 3304 composui,
731 3224 949 3286 succedentium
970 3241 1020 3284 res
1043 3232 1112 3284 acta
1134 3231 1190 3284 est:

152 3301 236 3360 huius
258 3307 456 3366 commentarii
476 3306 611 3368 fortassis
633 3307 791 3386 pertinebit
813 3316 842 3367 et
864 3307 900 3368 ad
916 3323 1126 3368 successorem
1142 3307 1191 3366 uti·
1231 3373 1232 3380 p

154 3380 250 3478 illust·
263 3385 317 3479 sed
337 3405 403 3447 cum
423 3390 500 3448 inter
519 3391 598 3450 initia
618 3390 872 3450 administrationis
890 3407 974 3450 meae
998 3391 1131 3469 scriptus
1149 3393 1192 3463 sit,

155 3476 185 3519 nn
205 3478 305 3538 pramis
331 3468 369 3526 ad
386 3487 480 3530 meam
497 3472 705 3534 institutionem
731 3473 922 3554 regulamque
940 3474 1088 3552 proficiet.
1135 3475 1193 3555 (3.)
