2475 3909
124 206 165 267 50
452 215 528 265 sax.
552 214 642 265 nuum
663 183 833 272 sconsum
866 222 872 231 1

123 374 201 453 pulis
224 382 253 433 et
273 388 418 431 concesso
439 370 526 448 fugae
548 371 662 451 spatio,
685 370 845 449 dissipatos
865 368 929 429 siue
949 368 1093 446 periculo
1113 384 1181 427 suo·

123 476 185 517 rum
206 456 368 517 trucidavit.

210 558 239 619 3.
285 554 318 617 G.
349 554 459 617 Caesar
485 555 647 615 Germanos
674 554 805 613 inclusos
833 561 865 612 et
895 568 934 611 ex
962 553 1182 631 desperatione

123 644 226 703 lortius
248 650 413 721 pugnantes
435 640 524 701 emitti
547 640 631 699 iussit
653 637 860 715 lugientesque
883 635 1050 712 adgressus
1078 645 1139 695 est,

209 745 240 802 4.
295 740 458 817 Hannibal,
496 757 560 800 cum
597 739 634 799 ad
668 738 866 797 Trasimenum
902 736 1012 796 inclusi
1053 736 1182 797 Romani

124 828 266 889 acerrime
288 834 467 904 pugnarent,
491 824 616 884 diductis
637 822 786 882 ordinibus
808 821 881 881 iecit
903 821 947 879 eis
965 821 1100 881 abeundi
1117 830 1181 901 pot·

125 919 247 971 estatem
270 918 432 985 euntesque
452 909 515 968 sine
538 924 656 967 suorum
678 908 819 983 sanguine
848 905 960 963 stravit.

209 1009 238 1068 5.
282 1008 446 1085 Antigonus
474 1026 529 1068 ren
549 1006 739 1067 Macedonum
760 1004 894 1080 Aetolis,
923 1004 1024 1081 quiin
1046 1004 1182 1063 ohsidio-

124 1108 191 1151 nem
207 1092 243 1153 ab
260 1109 296 1151 eo
319 1092 462 1172 compulsi
480 1092 555 1151 fame
575 1090 773 1167 urguebantur
784 1098 1007 1166 statuerantque
1020 1090 1181 1168 eruptione

124 1176 201 1235 iacta
225 1178 379 1251 commori,
402 1177 477 1235 viam
495 1175 582 1252 fugas
606 1174 703 1250 dedit,
729 1181 817 1251 atque
845 1174 885 1233 ita
913 1172 1042 1236 infracto
1070 1174 1182 1250 impetu

125 1276 242 1336 eorum,
263 1262 410 1320 insecutus
430 1276 552 1319 aversos
575 1258 692 1319 cecidit.

210 1359 239 1421 6.
284 1360 440 1438 Agesilaus
468 1358 714 1419 Lacedaemonius
741 1360 882 1420 adversus
909 1356 1094 1429 Thebanos,
1118 1372 1182 1414 cunr

125 1445 190 1504 acie
221 1444 395 1521 confligeret
424 1443 679 1522 intellexissetque
713 1442 816 1503 hostes
844 1444 978 1503 locorum
1008 1439 1182 1499 conditione

125 1527 243 1587 clausos
271 1528 309 1587 oh
339 1528 575 1606 desperationem
602 1525 706 1587 lortius
736 1527 892 1604 dimicare,
921 1525 1031 1585 laxatis
1060 1540 1182 1594 suorum

126 1610 275 1670 ordinibus
305 1620 465 1689 apertaque
488 1609 634 1669 Thebanis
664 1612 699 1671 ad
722 1611 906 1671 evadendum
928 1610 995 1683 via,
1025 1625 1133 1666 rursus
1154 1609 1183 1666 in

125 1692 268 1753 abeuntes
281 1696 423 1753 contraxit
436 1695 528 1753 aciem
540 1702 570 1752 et
584 1696 648 1753 sine
661 1697 772 1756 iactura
787 1712 905 1755 suorum
919 1693 1030 1753 cecidit
1042 1709 1180 1752 aversos.

213 1813 241 1870 7.
289 1809 341 1870 Cn.
363 1807 485 1868 Manlius
501 1810 622 1885 consul,
645 1830 711 1871 cum
728 1831 765 1873 ex
782 1814 847 1873 acie
867 1828 1011 1872 reversus
1030 1820 1124 1888 capta
1146 1809 1182 1870 ab

123 1890 259 1951 Etruscis
282 1892 411 1951 Romana
438 1900 533 1952 castra
559 1894 736 1973 invenisset,
765 1897 899 1956 omuibus
931 1895 1027 1974 portis
1051 1896 1183 1954 statione

125 1973 310 2035 circumdatis
331 1975 460 2035 inclusos
481 1976 582 2036 hostes
609 1979 639 2038 in
660 1997 724 2039 eam
746 1980 857 2040 rabiem
880 1980 1036 2053 efferavit,
1059 1988 1092 2037 ut
1115 1980 1182 2057 ipse

124 2056 153 2113 in
171 2059 289 2133 proelio
312 2059 441 2119 caderet.
487 2058 573 2132 Quod
593 2071 623 2121 ut
645 2062 909 2125 animadverterunt
927 2063 1021 2139 legati
1045 2063 1125 2138 eius,
1147 2060 1184 2121 ab

123 2156 179 2197 una
202 2152 288 2219 porta
310 2152 421 2204 remota
443 2146 567 2205 statione
599 2147 707 2207 exitum
728 2145 862 2207 Etruscis
884 2148 1032 2207 dederuut
1053 2133 1087 2205 ei
1109 2146 1183 2205 elic-

124 2238 175 2281 sos
195 2229 362 2303 persecuti,
387 2238 561 2289 occurrente
590 2231 685 2291 altero
713 2231 835 2291 consule
856 2230 968 2307 Eahio,
993 2230 1181 2290 ceciderunt.

210 2341 239 2401 8.
285 2345 514 2418 Themistocles,
546 2349 625 2407 victo
648 2346 765 2423 Xerxe,
794 2346 932 2407 volentes
964 2364 1037 2406 suos
1059 2356 1184 2427 pontem

124 2438 261 2499 rumpere
284 2425 448 2504 prohibuit,
476 2445 539 2486 cum
567 2430 717 2491 docuisset
745 2432 857 2490 cautius
880 2450 950 2491 esse
971 2450 1040 2490 eum
1065 2431 1185 2509 expelli

125 2520 163 2560 ex
185 2504 322 2586 Europa,
347 2525 430 2584 quam
453 2512 580 2585 cogier
602 2516 808 2593 desperatione
834 2534 977 2594 pugnare.
1022 2515 1111 2575 Idem
1132 2517 1185 2574 mi-

124 2585 326 2731 qqtatqldaeqm,
351 2592 398 2669 qui
420 2593 575 2672 iudicaret,
599 2600 628 2657 in
646 2615 704 2677 quo
719 2599 853 2677 periculo
875 2609 975 2676 esset,
998 2600 1057 2659 nisi
1080 2600 1186 2677 lugam

236 2690 268 2731 re
284 2716 290 2731 .

187 2768 240 2865 ·9.
284 2771 411 2847 Pyrrhus
438 2773 622 2854 Epirotarum
656 2798 726 2858 rex,
754 2801 818 2844 cum
846 2784 999 2862 quamdam
1029 2786 1188 2847 civitatem

127 2863 256 2929 oeprsaet
278 2854 444 2936 clausisque
466 2864 560 2939 portis
583 2883 620 2923 ex
636 2865 733 2925 ultima
751 2870 931 2929 necessitate
954 2870 1075 2929 fortiter
1101 2871 1187 2931 dimi·

124 2945 225 3097 qqqqqq
241 2957 320 3085 3235}
336 2943 384 3021 qui
406 2944 510 3005 inclusi
533 2957 630 3025 erant,
652 2950 920 3045 animadvertisset,
940 2951 1042 3018 locum
1062 2954 1188 3015 illis-ad

212 3124 259 3184 10.
303 3124 383 3186 ldern
402 3128 478 3188 iuter
500 3139 599 3191 cetera
624 3146 783 3217 praecepta
804 3138 995 3216 imperatoria
1016 3142 1190 3201 memoriae

124 3200 258 3279 tradrdrt,
286 3225 343 3267 nou
372 3229 440 3270 esse
468 3216 659 3301 pertinaciter
687 3221 850 3282 instandum
875 3222 954 3283 hosti
976 3222 1126 3301 fugienti,
1150 3245 1189 3285 ne
1235 3269 1236 3300 q

126 3298 183 3337 non
196 3284 288 3344 solum
306 3294 369 3349 acie
383 3293 486 3353 lortius
503 3316 541 3356 ex
561 3304 739 3364 necessitate
754 3308 927 3382 resisteret,
950 3306 1006 3366 sed
1026 3317 1058 3368 ut
1071 3319 1185 3387 postea
1235 3325 1236 3358 ³

127 3366 377 3462 q3¹⁰qi¹⁶f²3⁰i¹⁵¹¹⁸
401 3377 538 3456 cederet,
566 3392 646 3444 ratus
670 3404 727 3448 non
755 3407 850 3468 usque
882 3389 918 3449 ad
941 3391 1115 3469 perniciem
1138 3394 1183 3453 iu·

127 3451 216 3515 guenti
237 3445 292 3505 srhr
312 3460 467 3518 rustaturos
486 3464 626 3526 victores.
