2475 3909
235 229 578 280 susannenuumcon
599 232 670 282 cte.
689 232 735 280 1v.
758 231 834 282 cur.
848 233 954 282 1-111.
1073 223 1114 284 85

67 385 124 444 hm
144 383 216 446 iude
239 400 255 443 a
280 383 415 463 Philippo
433 394 519 463 patre
533 385 706 462 disciplinae
721 385 917 464 adsuefactis,
939 387 1040 450 orbem
1056 400 1114 450 ter·

67 486 164 527 rarum
187 468 347 544 adgressus
370 470 534 529 innumerus
554 468 681 529 hostium
703 471 805 548 copias
826 471 906 530 vicit.

153 552 184 612 5.
224 549 342 634 [Cyrus]
366 551 448 612 hello
470 552 612 613 adsersus
638 551 764 634 [Persas]
789 555 1021 632 quattuordecim
1043 556 1115 615 mili·

69 635 123 696 bus
145 646 323 696 armatorum
340 637 495 696 immensus
515 635 705 696 difficultates
726 637 885 716 superavit.

154 721 184 781 6.
227 718 442 798 Epaminondas
465 719 524 778 dux
545 718 749 780 Thebanorum
765 728 902 800 quattuor
923 721 1038 782 milibus
1063 722 1115 782 ho·

68 804 192 878 minum,
216 821 254 862 ex
272 803 376 880 quibus
388 803 590 880 quadringenti
606 812 714 864 tuntum
727 805 841 884 equites
856 814 954 880 eruut,
968 803 1115 866 Lacedae·

68 887 232 982 moniorum
253 887 414 946 exercitum
428 887 530 963 viginti
549 895 685 966 quattuor
700 887 807 948 milium
826 888 964 968 peditum,
987 890 1115 966 equitum

68 970 149 1030 mille
175 978 383 1030 sexcentorum
403 971 483 1030 uicit.

154 1054 185 1113 7.
230 1053 257 1112 A
285 1053 518 1131 quattuordecim
545 1053 660 1114 milibus
681 1053 874 1131 Graecorum,
903 1057 951 1134 qui
979 1073 1115 1116 numerus

67 1139 96 1196 in
120 1136 238 1197 auxiliis
261 1135 331 1213 Gyri
353 1137 495 1197 adversus
516 1136 701 1198 Artaxerxen
722 1137 791 1215 luit,
812 1147 927 1198 centum
947 1139 1025 1200 milia
1049 1140 1114 1198 har·

66 1220 207 1281 berorum
229 1221 344 1301 proelio
363 1223 492 1300 superati
515 1229 591 1280 sunt.

157 1303 186 1366 8.
227 1305 337 1366 Eadem
350 1305 528 1365 Graecorum
545 1303 777 1382 quattuordecim
791 1305 887 1379 milia,
901 1304 1018 1383 proelio
1030 1305 1114 1363 amis·

68 1390 111 1448 sis
134 1388 276 1465 ducibus,
301 1390 412 1449 reditus
440 1389 485 1448 sui
511 1406 581 1448 cura
614 1405 653 1446 ex
685 1401 814 1466 corpore
845 1404 898 1446 suo
926 1385 1115 1463 Xenophonti

66 1473 243 1532 Atheniensi
268 1473 456 1549 demandata,
483 1472 661 1550 periniqua
688 1479 719 1530 ct
745 1470 845 1547 ignota
869 1469 936 1530 loca
960 1469 1115 1530 incolumia

67 1574 195 1616 reversa
216 1566 291 1615 suut.

156 1640 186 1700 9.
234 1639 367 1716 Xerxes,
390 1639 427 1698 ah
449 1638 589 1698 trecentis
606 1635 903 1698 Lacedaemoniorum
919 1634 955 1696 ad
976 1633 1115 1694 Thermo·

68 1723 157 1801 pylas
179 1734 321 1799 vexatus,
352 1742 416 1783 cum
441 1724 492 1781 vix
519 1738 572 1780 eos
602 1720 799 1796 coniecisset,
827 1719 885 1780 hoc
904 1738 938 1779 se
961 1718 1116 1796 deceptum

68 1806 185 1883 aiebat,
216 1806 295 1886 quod
322 1807 429 1868 multos
458 1806 575 1884 quidem
593 1804 726 1865 homines
747 1803 888 1879 haberet,
915 1803 997 1864 viros
1020 1810 1116 1862 autem

68 1890 244 1970 discipliuae
263 1900 384 1950 tenaces
405 1889 513 1948 nullos.

472 2053 624 2116 osrttu
644 2051 706 2113 lli.

427 2185 476 2232 ns
505 2181 756 2232 consensuum.

99 2270 102 2274 ι
161 2311 189 2368 1.
230 2307 269 2368 ll.
293 2305 434 2368 Catonem
455 2307 525 2365 uiuo
548 2303 672 2379 eodem,
698 2317 756 2380 quo
777 2300 925 2377 remiges,
951 2306 1117 2358 contentum

67 2394 163 2454 luisse
185 2392 316 2453 traditur.

158 2475 188 2536 2.
229 2474 397 2550 Fabricius,
427 2469 623 2533 concinens
652 2456 767 2548 legatus
794 2463 980 2545 Epirotarum
1005 2463 1117 2542 grande

70 2560 188 2641 pondus
210 2561 272 2620 auri
300 2559 377 2618 dono
399 2559 428 2617 ei
450 2558 551 2632 duret,
574 2571 633 2614 non
656 2561 782 2632 accepto
805 2569 842 2612 co
863 2550 951 2626 dixit,
974 2549 1061 2610 malle
1083 2565 1117 2608 se

68 2643 247 2705 habentibus
269 2644 298 2703 id
319 2645 483 2720 imperare,
506 2657 591 2718 quam
613 2637 736 2699 hahere.

156 2726 188 2788 3.
234 2725 353 2787 Attilius
382 2724 531 2802 Regulus,
561 2741 625 2784 cum
655 2721 771 2780 summis
804 2717 894 2778 rebus
927 2719 1118 2797 praefuisset,

70 2813 148 2872 adeo
164 2829 278 2890 pauper
291 2811 362 2886 fuit,
377 2817 409 2868 ut
423 2827 476 2884 sc,
494 2809 650 2882 coniugem
664 2803 835 2878 liberosque
850 2800 992 2864 toleraret
1006 2803 1118 2879 agello,

70 2899 120 2974 qui
144 2895 299 2955 colebatur
322 2911 377 2974 per
392 2910 477 2952 uuum
498 2891 643 2954 villicum
667 2887 749 2945 cuius
770 2883 867 2943 audita
888 2894 981 2944 morte
1000 2885 1120 2961 scripsit

70 2980 187 3041 senatui
205 2980 243 3040 de
264 2993 459 3051 successore,
487 2971 633 3036 destitutis
662 2967 752 3029 rebus
774 2965 855 3026 obitu
877 2967 957 3026 servi
979 2983 1118 3051 necessa·

69 3065 142 3124 riam
166 3081 235 3123 essc
257 3063 454 3141 praesentiam
476 3075 567 3118 suam.
910 3098 930 3146 ·.
1093 3133 1099 3146 υ

156 3147 188 3206 4.
233 3144 285 3207 Gn.
308 3147 411 3224 Scipio
431 3151 500 3221 post
519 3159 569 3202 res
591 3155 738 3222 prospere
759 3137 789 3195 iu
810 3133 948 3210 Hispania
970 3138 1120 3227 gestaspu

71 3249 183 3292 summa
212 3238 387 3310 paupertate
414 3226 546 3288 decessit
572 3243 629 3284 uec
657 3239 693 3282 ea
719 3218 835 3300 quidem
857 3214 960 3314 relicta
982 3231 1118 3314 pecuum,

70 3332 148 3394 quae
176 3314 329 3374 sulliceret
350 3313 380 3372 in
403 3311 503 3372 dotem
524 3309 664 3382 filiarum,
693 3323 766 3383 quas
791 3301 828 3363 ob
852 3301 985 3380 inoptam*
1001 3297 1119 3380 publice

70 3399 187 3460 dotavit
210 3407 338 3458 senatus.

157 3484 189 3542 5.
233 3479 313 3542 Idem
333 3478 542 3560 praestiterunt
561 3474 759 3536 Athenienses
783 3469 849 3530 liliis
874 3467 1026 3543 Aristidis,
1053 3475 1120 3544 post
