2475 3909
241 226 586 278 suanusdsmrttort
603 228 675 278 Lm.
687 228 740 278 111.
760 226 837 281 ΟΑΡ.
851 232 888 282 1.
899 231 949 281 XI.
1076 220 1115 283 'll

68 384 151 446 litori
179 382 360 463 adpositam,
389 392 458 462 post
483 383 626 462 quaedam
650 384 852 463 promontoria
879 384 997 445 occulto
1018 383 1118 448 habita

69 470 188 545 classe,
216 486 234 528 e
256 466 378 527 nauibus
397 466 614 529 velocissimam
633 477 755 547 praeter
774 468 892 529 hostilia
907 467 1054 548 praesidia
1074 470 1119 531 ire

66 552 166 613 iussit.
211 550 277 626 Qun
289 552 365 628 visa,
386 568 450 612 cunr
465 553 559 613 omnia
580 553 709 629 navigia,
729 570 805 631 qnae
825 568 881 633 pro
896 552 1030 614 custodia
1050 568 1118 631 por·

66 645 117 697 tus
140 634 285 713 agebant,
308 635 345 696 ad
373 636 608 715 persequendam
636 636 825 713 evolassent,
854 634 968 697 chares
988 638 1017 697 in
1038 635 1119 697 inde·

67 720 187 781 sensnm
211 728 327 799 portum
355 736 421 779 cum
449 719 563 801 reliqna
586 720 685 781 classe
713 722 848 782 invectus
867 722 954 782 etiam
974 720 1120 781 civitatem

69 805 241 883 occupauit.

160 888 192 949 9.
234 886 327 947 llarea
354 887 412 948 dux
431 887 595 948 Poenorum
623 888 652 946 in
673 887 791 964 Sicilia,
819 887 988 965 lilybaeum
1009 888 1119 948 nostris

68 980 154 1032 terra
174 972 305 1049 marique
322 970 543 1048 obsidentibus,
567 980 681 1052 partem
698 970 803 1033 classis
821 990 892 1034 suae
907 972 1012 1053 procul
1026 988 1118 1033 arma·

69 1065 132 1117 nnn
152 1055 237 1115 iussit
255 1055 379 1115 ostendi.
424 1053 470 1115 Ad
491 1055 553 1115 eius
576 1063 767 1136 conspectum
788 1074 854 1117 cnm
875 1057 1045 1119 evolassent
1066 1073 1119 1116 no·

69 1140 146 1216 stri,
167 1140 234 1219 ipse
250 1138 386 1217 reliquis,
406 1157 478 1219 qaas
496 1140 526 1199 in
541 1138 660 1201 occulto
677 1147 829 1221 tenuerat,
850 1140 973 1203 nauibus
987 1139 1118 1219 lilybaei

69 1232 191 1303 portum
212 1223 379 1303 occupavit.

485 1388 637 1453 CAPUT
665 1388 722 1451 xl.

329 1523 376 1570 uu
399 1520 639 1571 srmuunurorru
658 1518 869 1569 nucenssus.

166 1642 194 1701 1.
238 1642 393 1704 Phormion
407 1644 466 1705 dux
483 1642 722 1720 Atheniensium,
744 1660 810 1703 cnm
827 1638 1023 1720 depopulatus
1041 1649 1123 1701 esset

73 1744 168 1805 agros
192 1723 442 1806 Chalcidensium,
472 1728 579 1805 legatis
608 1727 776 1789 eorumdem
799 1734 884 1807 rapta
906 1723 1123 1805 requirentibus

74 1812 208 1888 benigne
236 1812 403 1891 respondit:
432 1820 463 1872 et
484 1821 589 1890 nocte,
606 1830 664 1892 qua
688 1811 858 1873 dimissurus
874 1810 944 1871 illos
965 1818 1047 1886 erat,
1070 1808 1123 1870 bn·

76 1898 122 1956 xit
151 1896 267 1955 litteras
294 1896 350 1955 sibi
377 1897 586 1976 supervenisse
614 1898 719 1958 civium
744 1912 878 1972 auorum,
906 1902 1030 1975 propter
1050 1910 1124 1974 quas

75 1978 260 2041 redeundum
283 1979 425 2056 haberet,
453 1998 490 2041 ac
518 1980 645 2059 paullum
677 1998 834 2059 regressus
862 1980 970 2041 dimisit
997 1978 1123 2057 legatos.

74 2062 131 2125 llis
154 2063 249 2123 omnia
271 2072 331 2124 tuta
350 2073 381 2124 et
400 2064 498 2125 abisse
519 2064 723 2126 Phormionem
740 2063 986 2140 renuntiantibus,
1008 2061 1125 2124 Chalci·

76 2148 211 2224 denses,
234 2156 340 2227 spect
362 2148 480 2210 oblatae
505 2146 687 2209 humanitatis
714 2156 744 2207 et
771 2146 888 2207 abducti
907 2148 1057 2209 exercitus
1078 2164 1125 2207 re·

76 2234 170 2293 nuissa
195 2230 275 2292 urbis
302 2233 453 2310 custodia,
481 2250 547 2293 cum
572 2232 726 2294 confestim
755 2230 911 2291 Phormion
940 2230 1125 2306 revertisset,

77 2315 241 2397 prohibere
263 2318 496 2397 inexspectatum
515 2318 573 2377 vim
592 2334 651 2377 non
674 2322 839 2395 potuerunt.
927 2369 932 2377 .

168 2398 198 2459 2.
243 2398 401 2478 Agesilaus
432 2400 491 2461 dux
516 2400 831 2477 Lacedaemoniorum,
860 2416 924 2460 com
955 2397 1126 2459 Phocenses

79 2484 236 2546 obsideret
254 2494 284 2544 et
304 2485 501 2546 intellexisset
524 2502 594 2563 eos,
624 2486 673 2566 qui
693 2495 762 2546 tunc
779 2484 928 2566 praesidio
947 2481 1007 2543 illis
1031 2490 1126 2559 eraut,

79 2570 138 2630 iam
171 2570 287 2645 marari
311 2567 384 2631 belli
410 2569 613 2648 incommodo,
639 2569 768 2649 paullum
799 2587 956 2648 regressos
982 2578 1039 2629 tam
1081 2586 1127 2628 am

80 2653 119 2714 ad
137 2651 214 2711 alios
230 2660 324 2729 actos,
347 2652 469 2715 liberam
490 2654 649 2716 recedendi
671 2655 860 2715 occasionem
880 2654 927 2714 his
939 2653 1028 2714 dedit.
1089 2670 1128 2712 on
1171 2658 1177 2671 '

80 2736 174 2797 multo
202 2746 270 2817 post
291 2736 381 2798 milite
407 2737 530 2799 reducto
553 2738 708 2799 destitutos
732 2738 901 2799 Phocenses
919 2738 1079 2817 superavit.

171 2819 201 2881 3.
242 2818 413 2883 Alcibiades
426 2821 567 2883 adversus
582 2822 754 2897 byzantios,
774 2824 823 2899 qui
837 2840 872 2880 se
889 2821 1042 2881 moenibus
1058 2837 1127 2881 con-

81 2901 232 2981 tinebant,
254 2904 373 2968 insidias
395 2906 539 2986 disposuit
559 2914 589 2966 et
606 2904 741 2964 simulato
758 2920 898 2981 regresso
920 2903 1053 2963 incautos
1075 2919 1128 2963 eos

83 2988 124 3048 ob
148 2990 245 3050 ressit.

126 3004 146 3067 p
169 3075 200 3134 4.
244 3073 408 3151 Viriathus,
428 3090 493 3135 cum
504 3072 590 3141 tridui
607 3070 664 3132 iter
676 3070 834 3133 discedens
846 3067 1036 3143 coniecisset,
1052 3065 1131 3126 idern

83 3154 158 3217 illud
179 3174 237 3217 uuo
260 3158 307 3218 die
330 3176 500 3236 remensus,
528 3174 652 3218 securos
674 3156 912 3235 Segobrigenses
932 3160 964 3213 et
984 3149 1129 3211 sacrificio

84 3248 145 3300 torn
165 3258 231 3301 eum
250 3245 375 3303 maxime
396 3251 561 3322 occupatos
583 3241 742 3320 obpressit,
824 3242 827 3248 '

172 3326 202 3385 5.
247 3324 463 3406 Epaminondas
492 3326 568 3407 apnd
589 3324 773 3401 Mantiniam,
796 3340 862 3384 cnm
881 3322 1131 3387 lacedaemonios

84 3410 114 3468 in
138 3407 298 3470 subsidium
315 3410 393 3471 hosti
413 3412 533 3471 venisse
555 3410 818 3486 animadverteret,
835 3416 916 3469 ratus
931 3426 1023 3490 posse
1038 3406 1129 3470 bace·

85 3492 260 3555 &emonem
280 3494 439 3577 occupari,
460 3496 485 3555 si
507 3494 582 3556 clam
600 3494 652 3554 illo
670 3494 823 3574 prolectas
837 3504 935 3573 esset,
956 3500 1045 3555 nocte
1066 3509 1130 3553 cre·
