2475 3909
219 210 561 263 srnunnosrrurroou
583 212 655 262 nro.
678 213 703 260 1.
735 188 811 261 cac.¹
834 210 940 261 1-111.
1078 204 1116 263 ·t

156 371 186 431 6.
212 368 245 431 C.
269 367 378 429 llarius
406 367 508 429 consul
531 366 613 427 bello
636 365 787 429 Cimbrico
815 378 846 429 et
873 368 1055 444 Teutonico,
1077 370 1115 431 ad

63 454 273 515 excutiendam
302 452 451 513 Gallorum
482 459 512 511 et
539 450 674 528 Ligurum
693 452 795 527 lideru,
822 453 935 513 litteras
962 453 1006 513 eis
1027 453 1115 528 misit,

62 556 192 617 quarum
213 554 283 616 pars
305 538 387 614 prior
407 534 625 615 praecipiebat,
643 552 681 595 ne
700 537 871 613 interiores,
891 553 967 615 quae
985 538 1116 615 praesig-

65 633 155 683 natae
179 630 276 695 erant,
301 630 367 681 ante
390 629 501 681 certum
516 629 631 697 tempus
650 620 850 698 aperirentur:
872 621 991 683 easdem
1012 630 1117 699 postea

66 714 137 767 ante
159 706 361 784 praestitutam
382 705 458 765 diem
478 705 596 782 repetiit
618 713 664 779 et,
685 705 752 782 quia
771 707 936 782 resignatas
952 714 1116 783 repererat,

68 789 218 849 intellexit
241 788 358 849 hostilia
381 789 494 865 agitari.
638 857 640 860 ¹

158 873 225 952 {list
247 882 279 933 et
299 871 377 934 aliud
393 872 566 951 explorandi
586 889 695 947 genus,
717 888 776 949 quo
793 873 849 950 ipsi
864 873 956 933 duces
971 870 1052 932 nullo
1065 890 1115 931 ex·

70 958 216 1017 trinsecus
240 956 383 1017 adiutorio
405 974 460 1035 per
481 972 514 1015 se
537 955 701 1033 provident.
744 957 838 1035 Sicut]

158 1044 188 1103 7.
208 1040 349 1101 Aemilius
372 1040 468 1119 Papus
487 1039 590 1099 consul
614 1039 697 1099 bello
725 1038 852 1099 Etrusco
879 1038 957 1119 apud
979 1039 1117 1118 oppidum

70 1125 263 1205 Populoniam
280 1124 456 1185 demissurus
478 1125 640 1185 exercitum
661 1125 690 1182 in
711 1124 882 1202 planiciem,
904 1123 1117 1202 contemplatus

71 1210 179 1287 procul
201 1210 295 1269 avium
319 1208 527 1269 multitudinem
559 1207 711 1268 crebriore
739 1217 769 1267 et
795 1209 929 1269 citatiore
953 1207 1052 1268 volatu
1078 1225 1117 1266 ex
1176 1233 1182 1243 ·

72 1295 148 1355 silva
167 1294 407 1367 consurrexisse,
430 1291 576 1352 intellexit
601 1291 711 1369 aliquid
737 1292 799 1351 illic
824 1292 990 1352 insidiarum
1011 1292 1116 1366 latere,

72 1378 156 1454 quod
175 1386 206 1437 et
223 1376 352 1437 turbatae
372 1393 444 1436 ares
460 1385 491 1435 et
509 1376 609 1453 plures
627 1375 713 1433 simul
730 1375 930 1435 evolaverunt.
975 1374 1116 1435 Praemis-

72 1462 226 1537 sicigitur
247 1458 479 1537 exploratoribus
503 1459 666 1536 comperit,
687 1458 794 1517 decem
812 1457 891 1528 milia
910 1456 1047 1518 liciorum
1066 1475 1117 1517 ex·

73 1545 214 1623 cipiendo
236 1544 276 1603 ibi
297 1543 494 1605 Romanorum
520 1542 628 1620 agmini
646 1542 677 1601 in
708 1541 812 1601 itinere
834 1540 1000 1615 imminere,
1023 1558 1118 1619 eaque

73 1630 148 1705 alio,
172 1646 257 1706 quam
269 1627 513 1706 exspectabatur,
532 1628 625 1689 latere
636 1626 732 1685 missis
743 1624 911 1702 legionibus
925 1624 1118 1701 circumfudit.

157 1712 190 1777 8.
211 1711 351 1771 Similiter
368 1711 537 1771 Tisamenus
554 1709 668 1771 Orestis
682 1710 774 1785 lilius,
794 1727 858 1768 cum
877 1709 1007 1769 audisset
1022 1709 1119 1786 iugum

72 1797 109 1858 ab
139 1796 274 1858 hostibus
301 1805 401 1856 natura
426 1796 562 1855 munitum
589 1794 702 1870 teneri,
731 1793 881 1872 praemisit
905 1793 1118 1866 sciscitaturos,

73 1882 144 1960 qnid
174 1882 218 1940 rei
246 1880 338 1948 loret;
365 1896 400 1941 ao
427 1876 625 1941 referentibus
650 1880 695 1937 eis
723 1894 781 1939 non
811 1896 879 1937 esse
900 1895 1018 1953 verum,
1040 1878 1119 1956 quod

74 1967 261 2043 opinaretur,
280 1966 431 2041 ingressus
451 1964 507 2023 iter
525 1962 574 2023 ubi
591 1962 661 2022 vidit
682 1978 721 2021 ex
738 1970 877 2040 suspecto
898 1962 968 2039 iugo
987 1979 1120 2039 magnum

76 2052 133 2109 uun
153 2050 249 2109 avium
271 2047 355 2108 simul
376 2047 513 2108 evolasse
539 2063 637 2124 neque
659 2046 775 2105 omnino
793 2047 942 2121 residere,
964 2045 1118 2107 arbitratus

75 2142 123 2193 est
143 2133 240 2193 latere
262 2132 323 2191 illic
343 2148 448 2209 agmen
468 2130 611 2201 hostium:
641 2130 740 2206 itaque
767 2129 965 2190 circumducto
988 2131 1121 2189 exercitu

75 2218 164 2277 elusit
180 2216 377 2277 insidiatores.

161 2300 193 2361 9.
215 2298 380 2361 Hasdrubal
402 2299 493 2361 irater
513 2295 683 2359 Hannibalis
706 2295 833 2355 iunctum
853 2293 925 2352 bivii
943 2304 974 2354 et
994 2294 1121 2355 Neronis

75 2386 256 2460 exercitum,
275 2379 448 2462 quamquam
469 2384 527 2443 boc
546 2382 589 2441 illi
608 2398 667 2441 non
686 2378 842 2457 duplicatis
863 2378 966 2438 castris
988 2378 1120 2438 dissimu-

77 2470 190 2544 larent,
212 2468 375 2544 intellexit,
396 2468 475 2546 qnod
492 2467 529 2528 ab
551 2468 655 2527 itinere
675 2465 867 2541 strigosiores
885 2461 1005 2526 notabat
1026 2479 1120 2541 equos

78 2562 108 2613 et
131 2553 311 2614 coloratiora
337 2552 500 2628 bominum,
521 2560 553 2611 nt
574 2569 613 2611 ex
630 2551 698 2625 uia,
721 2566 857 2629 corpora.
944 2546 949 2553 '

488 2716 637 2779 CAPUT
665 2715 717 2777 111.

294 2850 342 2898 nn
365 2846 634 2899 cousnrnnnnno
657 2846 769 2895 sarno
786 2848 902 2896 snnnr.

168 2973 195 3031 1.
215 2971 386 3033 Alexander
406 2970 547 3047 Macedo,
570 2987 635 3029 cunr
662 2966 785 3028 baberet
812 2967 1014 3027 vehementem
1037 2984 1122 3025 exer-

82 3057 185 3129 citum,
207 3074 327 3135 semper
344 3074 409 3116 eum
434 3064 538 3115 statum
561 3052 633 3114 belli
653 3052 760 3129 elegit,
783 3059 813 3109 ut
836 3051 900 3110 acie
918 3048 1101 3124 confligeret.

168 3138 197 3197 2.
223 3137 255 3199 G.
277 3138 388 3201 Caesar
409 3139 490 3201 bello
514 3139 593 3200 civili
612 3156 679 3198 cum·
700 3145 869 3197 veteranum
892 3132 1052 3193 exercitum
1074 3133 1124 3193 ba·

82 3224 185 3297 beret,
210 3224 335 3285 bostium
356 3232 452 3285 autern
472 3225 595 3283 tironem
615 3240 684 3281 esse
713 3221 819 3296 sciret,
846 3219 911 3278 acic
934 3234 1052 3297 semper
1074 3218 1123 3278 de-

83 3316 198 3367 certare
220 3307 344 3367 studuit,

167 3391 197 3452 3.
217 3390 325 3453 Fabius
347 3389 488 3452 blaximns
519 3391 663 3451 adversus
693 3386 901 3463 Hannibalem,
936 3383 1124 3447 successibus

83 3476 262 3555 proeliorum
287 3475 481 3553 insolentem,
514 3474 660 3535 recedere
690 3473 727 3533 ab
754 3473 874 3551 ancipiti
900 3470 1066 3533 discrimine
1093 3477 1124 3527 et
