<?xml version="1.0" encoding="UTF-8"?>
<!DOCTYPE html PUBLIC "-//W3C//DTD XHTML 1.0 Transitional//EN"
    "http://www.w3.org/TR/xhtml1/DTD/xhtml1-transitional.dtd">
<html xmlns="http://www.w3.org/1999/xhtml" xml:lang="en" lang="en">
 <head>
  <title>
</title>
<meta http-equiv="Content-Type" content="text/html;charset=utf-8" />
  <meta name='ocr-system' content='tesseract 3.04.00' />
  <meta name='ocr-capabilities' content='ocr_page ocr_carea ocr_par ocr_line ocrx_word'/>
</head>
<body>
  <div class='ocr_page' id='page_1' title='image "./sexiuliifrontin00dedegoog_0123.png"; bbox 0 0 2475 3909; ppageno 0'>
   <div class='ocr_carea' id='block_1_1' title="bbox 199 223 1111 294">
    <p class='ocr_par' dir='ltr' id='par_1_1' title="bbox 199 223 1111 294">
     <span class='ocr_line' id='line_1_1' title="bbox 199 223 1111 294; baseline 0.005 -15"><span class='ocrx_word' id='word_1_1' title='bbox 199 233 248 279; x_wconf 81' lang='lat' dir='ltr'><strong>os</strong></span> <span class='ocrx_word' id='word_1_2' title='bbox 270 231 390 294; x_wconf 78' lang='lat' dir='ltr'><strong>nouus</strong></span> <span class='ocrx_word' id='word_1_3' title='bbox 408 232 583 281; x_wconf 80' lang='lat' dir='ltr'><strong>occursus</strong></span> <span class='ocrx_word' id='word_1_4' title='bbox 599 231 842 290; x_wconf 72' lang='lat' dir='ltr'><strong>ouursuounn</strong></span> <span class='ocrx_word' id='word_1_5' title='bbox 863 232 979 283; x_wconf 77' lang='lat' dir='ltr'><strong>ursan.</strong></span> <span class='ocrx_word' id='word_1_6' title='bbox 1054 223 1111 284; x_wconf 88' lang='lat'><strong>101</strong></span> 
     </span>
    </p>
   </div>
   <div class='ocr_carea' id='block_1_2' title="bbox 60 385 1115 3409">
    <p class='ocr_par' dir='ltr' id='par_1_2' title="bbox 63 385 1115 2636">
     <span class='ocr_line' id='line_1_2' title="bbox 63 385 1115 468; baseline 0.005 -21"><span class='ocrx_word' id='word_1_7' title='bbox 63 405 151 467; x_wconf 80' lang='lat' dir='ltr'><strong>quam</strong></span> <span class='ocrx_word' id='word_1_8' title='bbox 165 386 366 466; x_wconf 81' lang='lat' dir='ltr'><strong>adquisiverat</strong></span> <span class='ocrx_word' id='word_1_9' title='bbox 384 385 587 464; x_wconf 83' lang='lat' dir='ltr'><strong>reipublicae</strong></span> <span class='ocrx_word' id='word_1_10' title='bbox 604 388 775 464; x_wconf 88' lang='lat' dir='ltr'><strong>commodo,</strong></span> <span class='ocrx_word' id='word_1_11' title='bbox 799 389 884 450; x_wconf 88' lang='lat' dir='ltr'><strong>trium</strong></span> <span class='ocrx_word' id='word_1_12' title='bbox 905 389 1012 450; x_wconf 87' lang='lat' dir='ltr'><strong>milium</strong></span> <span class='ocrx_word' id='word_1_13' title='bbox 1024 407 1115 468; x_wconf 91' lang='lat' dir='ltr'><strong>opera</strong></span> 
     </span>
     <span class='ocr_line' id='line_1_3' title="bbox 63 470 1114 550; baseline 0.004 -18"><span class='ocrx_word' id='word_1_14' title='bbox 63 472 217 532; x_wconf 81' lang='lat' dir='ltr'><strong>fabrorum</strong></span> <span class='ocrx_word' id='word_1_15' title='bbox 235 470 331 546; x_wconf 78' lang='lat' dir='ltr'><strong>duxit,</strong></span> <span class='ocrx_word' id='word_1_16' title='bbox 356 473 402 530; x_wconf 90' lang='lat' dir='ltr'><strong>cui</strong></span> <span class='ocrx_word' id='word_1_17' title='bbox 432 471 469 532; x_wconf 95' lang='lat' dir='ltr'><strong>ab</strong></span> <span class='ocrx_word' id='word_1_18' title='bbox 498 481 621 532; x_wconf 86' lang='lat' dir='ltr'><strong>auctore</strong></span> <span class='ocrx_word' id='word_1_19' title='bbox 643 471 771 534; x_wconf 81' lang='lat' dir='ltr'><strong>Marciae</strong></span> <span class='ocrx_word' id='word_1_20' title='bbox 789 489 902 534; x_wconf 84' lang='lat' dir='ltr'><strong>nornen</strong></span> <span class='ocrx_word' id='word_1_21' title='bbox 931 481 986 532; x_wconf 89' lang='lat' dir='ltr'><strong>est.</strong></span> <span class='ocrx_word' id='word_1_22' title='bbox 1030 473 1114 550; x_wconf 82' lang='lat' dir='ltr'><strong>Legi·</strong></span> 
     </span>
     <span class='ocr_line' id='line_1_4' title="bbox 63 553 1114 634; baseline 0.001 -19"><span class='ocrx_word' id='word_1_23' title='bbox 63 575 128 616; x_wconf 91' lang='lat' dir='ltr'><strong>mus</strong></span> <span class='ocrx_word' id='word_1_24' title='bbox 151 555 230 634; x_wconf 90' lang='lat' dir='ltr'><strong>apud</strong></span> <span class='ocrx_word' id='word_1_25' title='bbox 252 553 472 630; x_wconf 75' lang='lat' dir='ltr'><strong>Fenestellam,</strong></span> <span class='ocrx_word' id='word_1_26' title='bbox 498 557 527 614; x_wconf 91' lang='lat' dir='ltr'><strong>in</strong></span> <span class='ocrx_word' id='word_1_27' title='bbox 546 555 621 616; x_wconf 89' lang='lat' dir='ltr'><strong>baec</strong></span> <span class='ocrx_word' id='word_1_28' title='bbox 644 573 736 634; x_wconf 91' lang='lat' dir='ltr'><strong>opera</strong></span> <span class='ocrx_word' id='word_1_29' title='bbox 759 555 869 618; x_wconf 84' lang='lat' dir='ltr'><strong>biarcio</strong></span> <span class='ocrx_word' id='word_1_30' title='bbox 894 557 1045 618; x_wconf 87' lang='lat' dir='ltr'><strong>decretum</strong></span> <span class='ocrx_word' id='word_1_31' title='bbox 1068 576 1114 616; x_wconf 89' lang='lat' dir='ltr'><strong>se·</strong></span> 
     </span>
     <span class='ocr_line' id='line_1_5' title="bbox 64 640 1114 719; baseline 0.002 -19"><span class='ocrx_word' id='word_1_32' title='bbox 64 642 201 701; x_wconf 88' lang='lat' dir='ltr'><strong>stertium</strong></span> <span class='ocrx_word' id='word_1_33' title='bbox 229 640 326 699; x_wconf 89' lang='lat' dir='ltr'><strong>milies</strong></span> <span class='ocrx_word' id='word_1_34' title='bbox 353 641 560 716; x_wconf 74' lang='lat' dir='ltr'><strong>octingenties.</strong></span> <span class='ocrx_word' id='word_1_35' title='bbox 605 641 664 700; x_wconf 87' lang='lat' dir='ltr'><strong>Sed</strong></span> <span class='ocrx_word' id='word_1_36' title='bbox 692 641 829 719; x_wconf 86' lang='lat' dir='ltr'><strong>quoniam</strong></span> <span class='ocrx_word' id='word_1_37' title='bbox 857 640 893 702; x_wconf 91' lang='lat' dir='ltr'><strong>ad</strong></span> <span class='ocrx_word' id='word_1_38' title='bbox 915 659 1114 702; x_wconf 88' lang='lat' dir='ltr'><strong>consumman-</strong></span> 
     </span>
     <span class='ocr_line' id='line_1_6' title="bbox 65 723 1115 804; baseline 0 -20"><span class='ocrx_word' id='word_1_39' title='bbox 65 725 141 784; x_wconf 88' lang='lat' dir='ltr'><strong>dum·</strong></span> <span class='ocrx_word' id='word_1_40' title='bbox 161 725 312 800; x_wconf 77' lang='lat' dir='ltr'><strong>negotium</strong></span> <span class='ocrx_word' id='word_1_41' title='bbox 338 740 397 784; x_wconf 90' lang='lat' dir='ltr'><strong>nou</strong></span> <span class='ocrx_word' id='word_1_42' title='bbox 425 723 592 784; x_wconf 83' lang='lat' dir='ltr'><strong>sufficiebat</strong></span> <span class='ocrx_word' id='word_1_43' title='bbox 619 726 742 802; x_wconf 87' lang='lat' dir='ltr'><strong>spatium</strong></span> <span class='ocrx_word' id='word_1_44' title='bbox 767 734 937 804; x_wconf 85' lang='lat' dir='ltr'><strong>praeturae,</strong></span> <span class='ocrx_word' id='word_1_45' title='bbox 961 729 989 786; x_wconf 90' lang='lat' dir='ltr'><strong>in</strong></span> <span class='ocrx_word' id='word_1_46' title='bbox 1012 743 1115 788; x_wconf 89' lang='lat' dir='ltr'><strong>annom</strong></span> 
     </span>
     <span class='ocr_line' id='line_1_7' title="bbox 66 807 1114 886; baseline 0.002 -18"><span class='ocrx_word' id='word_1_47' title='bbox 66 809 190 870; x_wconf 88' lang='lat' dir='ltr'><strong>alterum</strong></span> <span class='ocrx_word' id='word_1_48' title='bbox 217 817 265 868; x_wconf 86' lang='lat' dir='ltr'><strong>est</strong></span> <span class='ocrx_word' id='word_1_49' title='bbox 289 817 490 886; x_wconf 87' lang='lat' dir='ltr'><strong>prorogatum.</strong></span> <span class='ocrx_word' id='word_1_50' title='bbox 534 807 580 868; x_wconf 86' lang='lat' dir='ltr'><strong>Eo</strong></span> <span class='ocrx_word' id='word_1_51' title='bbox 605 817 738 886; x_wconf 87' lang='lat' dir='ltr'><strong>tempore</strong></span> <span class='ocrx_word' id='word_1_52' title='bbox 764 810 939 886; x_wconf 84' lang='lat' dir='ltr'><strong>decemviri,</strong></span> <span class='ocrx_word' id='word_1_53' title='bbox 963 811 1029 872; x_wconf 90' lang='lat' dir='ltr'><strong>dum</strong></span> <span class='ocrx_word' id='word_1_54' title='bbox 1049 811 1114 870; x_wconf 82' lang='lat' dir='ltr'><strong>aliia</strong></span> 
     </span>
     <span class='ocr_line' id='line_1_8' title="bbox 66 892 1112 970; baseline 0.002 -18"><span class='ocrx_word' id='word_1_55' title='bbox 66 911 107 952; x_wconf 85' lang='lat' dir='ltr'><strong>cx</strong></span> <span class='ocrx_word' id='word_1_56' title='bbox 138 893 236 954; x_wconf 89' lang='lat' dir='ltr'><strong>causis</strong></span> <span class='ocrx_word' id='word_1_57' title='bbox 262 892 354 952; x_wconf 88' lang='lat' dir='ltr'><strong>libros</strong></span> <span class='ocrx_word' id='word_1_58' title='bbox 389 892 550 967; x_wconf 73' lang='lat' dir='ltr'><strong>Sibyllinos</strong></span> <span class='ocrx_word' id='word_1_59' title='bbox 581 894 753 970; x_wconf 89' lang='lat' dir='ltr'><strong>inspiciunt,</strong></span> <span class='ocrx_word' id='word_1_60' title='bbox 788 894 937 954; x_wconf 82' lang='lat' dir='ltr'><strong>invenisse</strong></span> <span class='ocrx_word' id='word_1_61' title='bbox 969 895 1112 968; x_wconf 90' lang='lat' dir='ltr'><strong>dicuntur,</strong></span> 
     </span>
     <span class='ocr_line' id='line_1_9' title="bbox 65 974 1114 1055; baseline 0.002 -18"><span class='ocrx_word' id='word_1_62' title='bbox 65 993 126 1037; x_wconf 89' lang='lat' dir='ltr'><strong>non</strong></span> <span class='ocrx_word' id='word_1_63' title='bbox 153 995 222 1036; x_wconf 90' lang='lat' dir='ltr'><strong>esse</strong></span> <span class='ocrx_word' id='word_1_64' title='bbox 244 993 349 1055; x_wconf 79' lang='lat' dir='ltr'><strong>aquarn</strong></span> <span class='ocrx_word' id='word_1_65' title='bbox 369 974 523 1052; x_wconf 82' lang='lat' dir='ltr'><strong>blanciam,</strong></span> <span class='ocrx_word' id='word_1_66' title='bbox 546 977 600 1038; x_wconf 89' lang='lat' dir='ltr'><strong>sed</strong></span> <span class='ocrx_word' id='word_1_67' title='bbox 630 978 725 1054; x_wconf 89' lang='lat' dir='ltr'><strong>potius</strong></span> <span class='ocrx_word' id='word_1_68' title='bbox 745 977 904 1052; x_wconf 79' lang='lat' dir='ltr'><strong>Anionem,</strong></span> <span class='ocrx_word' id='word_1_69' title='bbox 927 1013 970 1026; x_wconf 90' lang='lat'><strong>—-·</strong></span> <span class='ocrx_word' id='word_1_70' title='bbox 996 979 1033 1039; x_wconf 88' lang='lat' dir='ltr'><strong>de</strong></span> <span class='ocrx_word' id='word_1_71' title='bbox 1056 979 1114 1040; x_wconf 91' lang='lat' dir='ltr'><strong>boc</strong></span> 
     </span>
     <span class='ocr_line' id='line_1_10' title="bbox 67 1058 1112 1141; baseline 0.004 -21"><span class='ocrx_word' id='word_1_72' title='bbox 67 1063 145 1120; x_wconf 90' lang='lat' dir='ltr'><strong>enim</strong></span> <span class='ocrx_word' id='word_1_73' title='bbox 175 1063 353 1122; x_wconf 87' lang='lat' dir='ltr'><strong>constantius</strong></span> <span class='ocrx_word' id='word_1_74' title='bbox 380 1061 521 1136; x_wconf 88' lang='lat' dir='ltr'><strong>traditur,</strong></span> <span class='ocrx_word' id='word_1_75' title='bbox 546 1094 591 1129; x_wconf 52' lang='lat'><strong>-,</strong></span> <span class='ocrx_word' id='word_1_76' title='bbox 618 1061 648 1120; x_wconf 89' lang='lat' dir='ltr'><strong>iu</strong></span> <span class='ocrx_word' id='word_1_77' title='bbox 677 1058 852 1141; x_wconf 81' lang='lat' dir='ltr'><strong>Capitolium</strong></span> <span class='ocrx_word' id='word_1_78' title='bbox 882 1063 1112 1141; x_wconf 65' lang='lat' dir='ltr'><strong>perducendam</strong></span> 
     </span>
     <span class='ocr_line' id='line_1_11' title="bbox 67 1144 1113 1224; baseline 0.001 -20"><span class='ocrx_word' id='word_1_79' title='bbox 67 1146 166 1223; x_wconf 85' lang='lat' dir='ltr'><strong>deque</strong></span> <span class='ocrx_word' id='word_1_80' title='bbox 186 1163 222 1204; x_wconf 91' lang='lat' dir='ltr'><strong>ea</strong></span> <span class='ocrx_word' id='word_1_81' title='bbox 238 1163 271 1203; x_wconf 92' lang='lat' dir='ltr'><strong>re</strong></span> <span class='ocrx_word' id='word_1_82' title='bbox 292 1145 322 1204; x_wconf 89' lang='lat' dir='ltr'><strong>in</strong></span> <span class='ocrx_word' id='word_1_83' title='bbox 344 1153 446 1204; x_wconf 86' lang='lat' dir='ltr'><strong>senatu</strong></span> <span class='ocrx_word' id='word_1_84' title='bbox 466 1162 482 1204; x_wconf 89' lang='lat' dir='ltr'><strong>a</strong></span> <span class='ocrx_word' id='word_1_85' title='bbox 503 1144 633 1224; x_wconf 79' lang='lat' dir='ltr'><strong>Lepido,</strong></span> <span class='ocrx_word' id='word_1_86' title='bbox 653 1163 707 1223; x_wconf 77' lang='lat' dir='ltr'><strong>pro</strong></span> <span class='ocrx_word' id='word_1_87' title='bbox 730 1147 848 1224; x_wconf 89' lang='lat' dir='ltr'><strong>collega</strong></span> <span class='ocrx_word' id='word_1_88' title='bbox 867 1147 959 1208; x_wconf 90' lang='lat' dir='ltr'><strong>verba</strong></span> <span class='ocrx_word' id='word_1_89' title='bbox 974 1148 1113 1222; x_wconf 87' lang='lat' dir='ltr'><strong>iaciente,</strong></span> 
     </span>
     <span class='ocr_line' id='line_1_12' title="bbox 67 1227 1112 1308; baseline -0.001 -18"><span class='ocrx_word' id='word_1_90' title='bbox 67 1238 166 1290; x_wconf 89' lang='lat' dir='ltr'><strong>actum</strong></span> <span class='ocrx_word' id='word_1_91' title='bbox 193 1227 290 1307; x_wconf 85' lang='lat' dir='ltr'><strong>Appio</strong></span> <span class='ocrx_word' id='word_1_92' title='bbox 322 1227 462 1302; x_wconf 87' lang='lat' dir='ltr'><strong>Claudio,</strong></span> <span class='ocrx_word' id='word_1_93' title='bbox 490 1227 526 1301; x_wconf 82' lang='lat' dir='ltr'><strong>Q.</strong></span> <span class='ocrx_word' id='word_1_94' title='bbox 557 1227 688 1289; x_wconf 78' lang='lat' dir='ltr'><strong>Caecilio</strong></span> <span class='ocrx_word' id='word_1_95' title='bbox 716 1231 902 1306; x_wconf 87' lang='lat' dir='ltr'><strong>consulibus,</strong></span> <span class='ocrx_word' id='word_1_96' title='bbox 931 1231 1112 1308; x_wconf 85' lang='lat' dir='ltr'><strong>eundemque</strong></span> 
     </span>
     <span class='ocr_line' id='line_1_13' title="bbox 67 1311 1112 1396; baseline 0.003 -25"><span class='ocrx_word' id='word_1_97' title='bbox 67 1322 142 1390; x_wconf 89' lang='lat' dir='ltr'><strong>post</strong></span> <span class='ocrx_word' id='word_1_98' title='bbox 169 1330 267 1372; x_wconf 90' lang='lat' dir='ltr'><strong>anuum</strong></span> <span class='ocrx_word' id='word_1_99' title='bbox 294 1313 410 1374; x_wconf 88' lang='lat' dir='ltr'><strong>tertium</strong></span> <span class='ocrx_word' id='word_1_100' title='bbox 442 1329 459 1371; x_wconf 90' lang='lat' dir='ltr'><strong>a</strong></span> <span class='ocrx_word' id='word_1_101' title='bbox 484 1311 515 1372; x_wconf 81' lang='lat' dir='ltr'><strong>L.</strong></span> <span class='ocrx_word' id='word_1_102' title='bbox 539 1311 662 1372; x_wconf 81' lang='lat' dir='ltr'><strong>Lentulo</strong></span> <span class='ocrx_word' id='word_1_103' title='bbox 684 1323 883 1373; x_wconf 76' lang='lat' dir='ltr'><strong>retractatam:</strong></span> <span class='ocrx_word' id='word_1_104' title='bbox 912 1315 965 1374; x_wconf 87' lang='lat' dir='ltr'><strong>sed</strong></span> <span class='ocrx_word' id='word_1_105' title='bbox 989 1324 1112 1396; x_wconf 77' lang='lat' dir='ltr'><strong>utroque</strong></span> 
     </span>
     <span class='ocr_line' id='line_1_14' title="bbox 65 1395 1112 1474; baseline 0 -18"><span class='ocrx_word' id='word_1_106' title='bbox 65 1407 205 1474; x_wconf 86' lang='lat' dir='ltr'><strong>tempore</strong></span> <span class='ocrx_word' id='word_1_107' title='bbox 233 1397 338 1456; x_wconf 85' lang='lat' dir='ltr'><strong>vicisse</strong></span> <span class='ocrx_word' id='word_1_108' title='bbox 369 1397 490 1473; x_wconf 76' lang='lat' dir='ltr'><strong>gratiam</strong></span> <span class='ocrx_word' id='word_1_109' title='bbox 511 1395 613 1456; x_wconf 83' lang='lat' dir='ltr'><strong>Marcii</strong></span> <span class='ocrx_word' id='word_1_110' title='bbox 640 1395 747 1472; x_wconf 88' lang='lat' dir='ltr'><strong>llegis;</strong></span> <span class='ocrx_word' id='word_1_111' title='bbox 776 1405 863 1474; x_wconf 86' lang='lat' dir='ltr'><strong>atqua</strong></span> <span class='ocrx_word' id='word_1_112' title='bbox 886 1398 924 1456; x_wconf 91' lang='lat' dir='ltr'><strong>ita</strong></span> <span class='ocrx_word' id='word_1_113' title='bbox 946 1399 974 1455; x_wconf 93' lang='lat' dir='ltr'><strong>in</strong></span> <span class='ocrx_word' id='word_1_114' title='bbox 994 1395 1112 1474; x_wconf 79' lang='lat' dir='ltr'><strong>Cupito·</strong></span> 
     </span>
     <span class='ocr_line' id='line_1_15' title="bbox 66 1478 1111 1558; baseline -0.002 -18"><span class='ocrx_word' id='word_1_115' title='bbox 66 1481 139 1540; x_wconf 88' lang='lat' dir='ltr'><strong>lium</strong></span> <span class='ocrx_word' id='word_1_116' title='bbox 160 1498 226 1539; x_wconf 89' lang='lat' dir='ltr'><strong>esse</strong></span> <span class='ocrx_word' id='word_1_117' title='bbox 246 1499 350 1558; x_wconf 89' lang='lat' dir='ltr'><strong>aquarn</strong></span> <span class='ocrx_word' id='word_1_118' title='bbox 369 1480 550 1557; x_wconf 84' lang='lat' dir='ltr'><strong>perductam.</strong></span> <span class='ocrx_word' id='word_1_119' title='bbox 596 1478 767 1558; x_wconf 85' lang='lat' dir='ltr'><strong>Concipitur</strong></span> <span class='ocrx_word' id='word_1_120' title='bbox 784 1479 892 1540; x_wconf 88' lang='lat' dir='ltr'><strong>lllurcia</strong></span> <span class='ocrx_word' id='word_1_121' title='bbox 912 1483 960 1540; x_wconf 83' lang='lat' dir='ltr'><strong>via</strong></span> <span class='ocrx_word' id='word_1_122' title='bbox 981 1479 1111 1554; x_wconf 89' lang='lat' dir='ltr'><strong>Valeria,</strong></span> 
     </span>
     <span class='ocr_line' id='line_1_16' title="bbox 66 1563 1112 1641; baseline -0.002 -15"><span class='ocrx_word' id='word_1_123' title='bbox 66 1565 105 1626; x_wconf 92' lang='lat' dir='ltr'><strong>ad</strong></span> <span class='ocrx_word' id='word_1_124' title='bbox 123 1564 276 1624; x_wconf 87' lang='lat' dir='ltr'><strong>miliarium</strong></span> <span class='ocrx_word' id='word_1_125' title='bbox 295 1578 423 1641; x_wconf 79' lang='lat' dir='ltr'><strong>xxxvl,</strong></span> <span class='ocrx_word' id='word_1_126' title='bbox 446 1564 621 1625; x_wconf 88' lang='lat' dir='ltr'><strong>diverticulo</strong></span> <span class='ocrx_word' id='word_1_127' title='bbox 638 1564 773 1625; x_wconf 85' lang='lat' dir='ltr'><strong>euntibus</strong></span> <span class='ocrx_word' id='word_1_128' title='bbox 793 1564 830 1624; x_wconf 88' lang='lat' dir='ltr'><strong>ab</strong></span> <span class='ocrx_word' id='word_1_129' title='bbox 848 1564 921 1624; x_wconf 85' lang='lat' dir='ltr'><strong>urbe</strong></span> <span class='ocrx_word' id='word_1_130' title='bbox 937 1563 1028 1624; x_wconf 87' lang='lat' dir='ltr'><strong>Roma</strong></span> <span class='ocrx_word' id='word_1_131' title='bbox 1041 1564 1112 1624; x_wconf 84' lang='lat' dir='ltr'><strong>dex·</strong></span> 
     </span>
     <span class='ocr_line' id='line_1_17' title="bbox 65 1646 1112 1727; baseline -0.001 -20"><span class='ocrx_word' id='word_1_132' title='bbox 65 1658 182 1708; x_wconf 88' lang='lat' dir='ltr'><strong>trorsus</strong></span> <span class='ocrx_word' id='word_1_133' title='bbox 204 1649 312 1708; x_wconf 90' lang='lat' dir='ltr'><strong>milium</strong></span> <span class='ocrx_word' id='word_1_134' title='bbox 332 1666 469 1727; x_wconf 92' lang='lat' dir='ltr'><strong>passuum</strong></span> <span class='ocrx_word' id='word_1_135' title='bbox 490 1650 582 1708; x_wconf 90' lang='lat' dir='ltr'><strong>trium.</strong></span> <span class='ocrx_word' id='word_1_136' title='bbox 629 1648 803 1710; x_wconf 82' lang='lat' dir='ltr'><strong>Sublacensi</strong></span> <span class='ocrx_word' id='word_1_137' title='bbox 827 1658 939 1724; x_wconf 83' lang='lat' dir='ltr'><strong>autern,</strong></span> <span class='ocrx_word' id='word_1_138' title='bbox 963 1665 1038 1726; x_wconf 85' lang='lat' dir='ltr'><strong>quae</strong></span> <span class='ocrx_word' id='word_1_139' title='bbox 1059 1646 1112 1706; x_wconf 93' lang='lat' dir='ltr'><strong>sub</strong></span> 
     </span>
     <span class='ocr_line' id='line_1_18' title="bbox 66 1733 1111 1810; baseline 0 -18"><span class='ocrx_word' id='word_1_140' title='bbox 66 1733 188 1792; x_wconf 86' lang='lat' dir='ltr'><strong>Nerone</strong></span> <span class='ocrx_word' id='word_1_141' title='bbox 213 1733 349 1810; x_wconf 87' lang='lat' dir='ltr'><strong>Principe</strong></span> <span class='ocrx_word' id='word_1_142' title='bbox 375 1734 497 1810; x_wconf 88' lang='lat' dir='ltr'><strong>primum</strong></span> <span class='ocrx_word' id='word_1_143' title='bbox 525 1742 615 1794; x_wconf 88' lang='lat' dir='ltr'><strong>strata</strong></span> <span class='ocrx_word' id='word_1_144' title='bbox 641 1742 703 1808; x_wconf 86' lang='lat' dir='ltr'><strong>est,</strong></span> <span class='ocrx_word' id='word_1_145' title='bbox 736 1733 773 1794; x_wconf 91' lang='lat' dir='ltr'><strong>ad</strong></span> <span class='ocrx_word' id='word_1_146' title='bbox 796 1733 948 1794; x_wconf 87' lang='lat' dir='ltr'><strong>miliarium</strong></span> <span class='ocrx_word' id='word_1_147' title='bbox 972 1745 1111 1792; x_wconf 79' lang='lat' dir='ltr'><strong>xxxvni</strong></span> 
     </span>
     <span class='ocr_line' id='line_1_19' title="bbox 66 1817 1112 1896; baseline -0.002 -20"><span class='ocrx_word' id='word_1_148' title='bbox 66 1818 273 1892; x_wconf 68' lang='lat' dir='ltr'><strong>sinistrorsus,</strong></span> <span class='ocrx_word' id='word_1_149' title='bbox 300 1818 373 1877; x_wconf 89' lang='lat' dir='ltr'><strong>intra</strong></span> <span class='ocrx_word' id='word_1_150' title='bbox 396 1818 519 1895; x_wconf 87' lang='lat' dir='ltr'><strong>spatium</strong></span> <span class='ocrx_word' id='word_1_151' title='bbox 538 1835 676 1896; x_wconf 89' lang='lat' dir='ltr'><strong>passuum</strong></span> <span class='ocrx_word' id='word_1_152' title='bbox 695 1818 904 1894; x_wconf 88' lang='lat' dir='ltr'><strong>ducentorum,</strong></span> <span class='ocrx_word' id='word_1_153' title='bbox 928 1817 1048 1888; x_wconf 78' lang='lat' dir='ltr'><strong>fontium</strong></span> <span class='ocrx_word' id='word_1_154' title='bbox 1071 1817 1112 1875; x_wconf 87' lang='lat' dir='ltr'><strong>in·</strong></span> 
     </span>
     <span class='ocr_line' id='line_1_20' title="bbox 65 1900 1112 1979; baseline -0.002 -17"><span class='ocrx_word' id='word_1_155' title='bbox 65 1902 146 1962; x_wconf 89' lang='lat' dir='ltr'><strong>linita</strong></span> <span class='ocrx_word' id='word_1_156' title='bbox 165 1900 346 1963; x_wconf 89' lang='lat' dir='ltr'><strong>multitudine</strong></span> <span class='ocrx_word' id='word_1_157' title='bbox 365 1901 418 1961; x_wconf 89' lang='lat' dir='ltr'><strong>snb</strong></span> <span class='ocrx_word' id='word_1_158' title='bbox 439 1901 600 1962; x_wconf 84' lang='lat' dir='ltr'><strong>fornicibus</strong></span> <span class='ocrx_word' id='word_1_159' title='bbox 623 1905 752 1979; x_wconf 87' lang='lat' dir='ltr'><strong>petraeis</strong></span> <span class='ocrx_word' id='word_1_160' title='bbox 774 1905 913 1978; x_wconf 76' lang='lat' dir='ltr'><strong>scatenti,</strong></span> <span class='ocrx_word' id='word_1_161' title='bbox 940 1911 995 1962; x_wconf 86' lang='lat' dir='ltr'><strong>stat</strong></span> <span class='ocrx_word' id='word_1_162' title='bbox 1010 1903 1112 1960; x_wconf 86' lang='lat' dir='ltr'><strong>immo-</strong></span> 
     </span>
     <span class='ocr_line' id='line_1_21' title="bbox 67 1985 1110 2064; baseline 0 -20"><span class='ocrx_word' id='word_1_163' title='bbox 67 1985 135 2046; x_wconf 91' lang='lat' dir='ltr'><strong>bilis</strong></span> <span class='ocrx_word' id='word_1_164' title='bbox 155 1987 251 2062; x_wconf 80' lang='lat' dir='ltr'><strong>stagni</strong></span> <span class='ocrx_word' id='word_1_165' title='bbox 269 1986 374 2060; x_wconf 89' lang='lat' dir='ltr'><strong>modo,</strong></span> <span class='ocrx_word' id='word_1_166' title='bbox 396 1986 501 2045; x_wconf 91' lang='lat' dir='ltr'><strong>colore</strong></span> <span class='ocrx_word' id='word_1_167' title='bbox 523 1987 672 2064; x_wconf 72' lang='lat' dir='ltr'><strong>peruiridi.</strong></span> <span class='ocrx_word' id='word_1_168' title='bbox 716 1985 829 2048; x_wconf 91' lang='lat' dir='ltr'><strong>Ductus</strong></span> <span class='ocrx_word' id='word_1_169' title='bbox 852 1990 915 2048; x_wconf 89' lang='lat' dir='ltr'><strong>eius</strong></span> <span class='ocrx_word' id='word_1_170' title='bbox 938 1986 1028 2046; x_wconf 89' lang='lat' dir='ltr'><strong>habet</strong></span> <span class='ocrx_word' id='word_1_171' title='bbox 1048 1985 1110 2044; x_wconf 91' lang='lat' dir='ltr'><strong>lon·</strong></span> 
     </span>
     <span class='ocr_line' id='line_1_22' title="bbox 64 2069 1113 2148; baseline 0 -18"><span class='ocrx_word' id='word_1_172' title='bbox 64 2070 263 2146; x_wconf 87' lang='lat' dir='ltr'><strong>gitudinema</strong></span> <span class='ocrx_word' id='word_1_173' title='bbox 286 2071 383 2148; x_wconf 87' lang='lat' dir='ltr'><strong>capite</strong></span> <span class='ocrx_word' id='word_1_174' title='bbox 410 2070 445 2130; x_wconf 88' lang='lat' dir='ltr'><strong>ad</strong></span> <span class='ocrx_word' id='word_1_175' title='bbox 467 2069 571 2130; x_wconf 86' lang='lat' dir='ltr'><strong>urbem</strong></span> <span class='ocrx_word' id='word_1_176' title='bbox 589 2089 727 2148; x_wconf 88' lang='lat' dir='ltr'><strong>passuum</strong></span> <span class='ocrx_word' id='word_1_177' title='bbox 748 2085 809 2132; x_wconf 82' lang='lat' dir='ltr'><strong>Lxr</strong></span> <span class='ocrx_word' id='word_1_178' title='bbox 836 2072 944 2132; x_wconf 88' lang='lat' dir='ltr'><strong>millum</strong></span> <span class='ocrx_word' id='word_1_179' title='bbox 965 2083 1060 2131; x_wconf 84' lang='lat' dir='ltr'><strong>Dccx</strong></span> <span class='ocrx_word' id='word_1_180' title='bbox 1083 2077 1113 2130; x_wconf 87' lang='lat' dir='ltr'><strong>et</strong></span> 
     </span>
     <span class='ocr_line' id='line_1_23' title="bbox 65 2153 1112 2232; baseline 0 -18"><span class='ocrx_word' id='word_1_181' title='bbox 65 2155 172 2214; x_wconf 89' lang='lat' dir='ltr'><strong>semis:</strong></span> <span class='ocrx_word' id='word_1_182' title='bbox 201 2155 264 2213; x_wconf 87' lang='lat' dir='ltr'><strong>rivo</strong></span> <span class='ocrx_word' id='word_1_183' title='bbox 285 2153 478 2214; x_wconf 89' lang='lat' dir='ltr'><strong>subterraneo</strong></span> <span class='ocrx_word' id='word_1_184' title='bbox 495 2172 632 2232; x_wconf 88' lang='lat' dir='ltr'><strong>passuum</strong></span> <span class='ocrx_word' id='word_1_185' title='bbox 650 2168 709 2216; x_wconf 70' lang='grc' dir='ltr'><strong>Ην</strong></span> <span class='ocrx_word' id='word_1_186' title='bbox 731 2155 837 2214; x_wconf 89' lang='lat' dir='ltr'><strong>milium</strong></span> <span class='ocrx_word' id='word_1_187' title='bbox 853 2167 994 2214; x_wconf 66' lang='lat' dir='ltr'><strong>ccxcvii</strong></span> <span class='ocrx_word' id='word_1_188' title='bbox 1015 2165 1044 2212; x_wconf 89' lang='lat' dir='ltr'><strong>et</strong></span> <span class='ocrx_word' id='word_1_189' title='bbox 1065 2174 1112 2214; x_wconf 89' lang='lat' dir='ltr'><strong>se·</strong></span> 
     </span>
     <span class='ocr_line' id='line_1_24' title="bbox 65 2237 1113 2320; baseline 0 -22"><span class='ocrx_word' id='word_1_190' title='bbox 65 2240 134 2307; x_wconf 87' lang='lat' dir='ltr'><strong>mis;</strong></span> <span class='ocrx_word' id='word_1_191' title='bbox 157 2237 252 2320; x_wconf 86' lang='lat' dir='ltr'><strong>op&#39;ere</strong></span> <span class='ocrx_word' id='word_1_192' title='bbox 274 2257 362 2316; x_wconf 90' lang='lat' dir='ltr'><strong>supra</strong></span> <span class='ocrx_word' id='word_1_193' title='bbox 379 2248 486 2298; x_wconf 88' lang='lat' dir='ltr'><strong>terram</strong></span> <span class='ocrx_word' id='word_1_194' title='bbox 507 2253 644 2316; x_wconf 89' lang='lat' dir='ltr'><strong>passuum</strong></span> <span class='ocrx_word' id='word_1_195' title='bbox 663 2251 713 2298; x_wconf 85' lang='lat' dir='ltr'><strong>vn</strong></span> <span class='ocrx_word' id='word_1_196' title='bbox 737 2238 844 2297; x_wconf 87' lang='lat' dir='ltr'><strong>milium</strong></span> <span class='ocrx_word' id='word_1_197' title='bbox 863 2250 1052 2298; x_wconf 71' lang='lat' dir='ltr'><strong>cccchxm:</strong></span> <span class='ocrx_word' id='word_1_198' title='bbox 1075 2255 1113 2298; x_wconf 84' lang='lat' dir='ltr'><strong>ex</strong></span> 
     </span>
     <span class='ocr_line' id='line_1_25' title="bbox 66 2321 1112 2400; baseline -0.001 -19"><span class='ocrx_word' id='word_1_199' title='bbox 66 2339 102 2382; x_wconf 88' lang='lat' dir='ltr'><strong>eo</strong></span> <span class='ocrx_word' id='word_1_200' title='bbox 125 2322 245 2398; x_wconf 86' lang='lat' dir='ltr'><strong>lougius</strong></span> <span class='ocrx_word' id='word_1_201' title='bbox 265 2321 302 2381; x_wconf 94' lang='lat' dir='ltr'><strong>ab</strong></span> <span class='ocrx_word' id='word_1_202' title='bbox 318 2321 391 2381; x_wconf 90' lang='lat' dir='ltr'><strong>urbe</strong></span> <span class='ocrx_word' id='word_1_203' title='bbox 407 2322 539 2400; x_wconf 92' lang='lat' dir='ltr'><strong>pluribus</strong></span> <span class='ocrx_word' id='word_1_204' title='bbox 560 2323 635 2381; x_wconf 88' lang='lat' dir='ltr'><strong>locis</strong></span> <span class='ocrx_word' id='word_1_205' title='bbox 651 2322 797 2400; x_wconf 90' lang='lat' dir='ltr'><strong>superiori</strong></span> <span class='ocrx_word' id='word_1_206' title='bbox 818 2330 901 2400; x_wconf 87' lang='lat' dir='ltr'><strong>parte</strong></span> <span class='ocrx_word' id='word_1_207' title='bbox 918 2321 1003 2380; x_wconf 89' lang='lat' dir='ltr'><strong>vallis</strong></span> <span class='ocrx_word' id='word_1_208' title='bbox 1019 2338 1112 2399; x_wconf 83' lang='lat' dir='ltr'><strong>opere</strong></span> 
     </span>
     <span class='ocr_line' id='line_1_26' title="bbox 64 2405 1111 2486; baseline -0.006 -18"><span class='ocrx_word' id='word_1_209' title='bbox 64 2415 187 2468; x_wconf 86' lang='lat' dir='ltr'><strong>arcuato</strong></span> <span class='ocrx_word' id='word_1_210' title='bbox 213 2423 353 2484; x_wconf 88' lang='lat' dir='ltr'><strong>passuum</strong></span> <span class='ocrx_word' id='word_1_211' title='bbox 378 2418 570 2474; x_wconf 71' lang='lat' dir='ltr'><strong>cucculum</strong></span> <span class='ocrx_word' id='word_1_212' title='bbox 600 2408 722 2486; x_wconf 88' lang='lat' dir='ltr'><strong>propius</strong></span> <span class='ocrx_word' id='word_1_213' title='bbox 750 2406 851 2467; x_wconf 90' lang='lat' dir='ltr'><strong>urbem</strong></span> <span class='ocrx_word' id='word_1_214' title='bbox 880 2418 967 2466; x_wconf 85' lang='lat' dir='ltr'><strong>avn</strong></span> <span class='ocrx_word' id='word_1_215' title='bbox 987 2405 1111 2464; x_wconf 90' lang='lat' dir='ltr'><strong>miliario</strong></span> 
     </span>
     <span class='ocr_line' id='line_1_27' title="bbox 64 2490 1111 2570; baseline 0 -20"><span class='ocrx_word' id='word_1_216' title='bbox 64 2490 284 2550; x_wconf 86' lang='lat' dir='ltr'><strong>substructione</strong></span> <span class='ocrx_word' id='word_1_217' title='bbox 308 2507 446 2567; x_wconf 91' lang='lat' dir='ltr'><strong>passuum</strong></span> <span class='ocrx_word' id='word_1_218' title='bbox 471 2501 627 2560; x_wconf 80' lang='lat' dir='ltr'><strong>Dxxvm;</strong></span> <span class='ocrx_word' id='word_1_219' title='bbox 648 2492 764 2570; x_wconf 86' lang='lat' dir='ltr'><strong>reliquo</strong></span> <span class='ocrx_word' id='word_1_220' title='bbox 788 2509 881 2570; x_wconf 89' lang='lat' dir='ltr'><strong>opere</strong></span> <span class='ocrx_word' id='word_1_221' title='bbox 904 2499 1024 2552; x_wconf 87' lang='lat' dir='ltr'><strong>arcuato</strong></span> <span class='ocrx_word' id='word_1_222' title='bbox 1046 2507 1111 2569; x_wconf 89' lang='lat' dir='ltr'><strong>pas·</strong></span> 
     </span>
     <span class='ocr_line' id='line_1_28' title="bbox 64 2576 642 2636; baseline -0.003 -2"><span class='ocrx_word' id='word_1_223' title='bbox 64 2592 148 2636; x_wconf 87' lang='lat' dir='ltr'><strong>suurn</strong></span> <span class='ocrx_word' id='word_1_224' title='bbox 171 2588 208 2634; x_wconf 79' lang='lat' dir='ltr'><strong>vt</strong></span> <span class='ocrx_word' id='word_1_225' title='bbox 227 2576 336 2635; x_wconf 86' lang='lat' dir='ltr'><strong>milium</strong></span> <span class='ocrx_word' id='word_1_226' title='bbox 358 2587 554 2636; x_wconf 82' lang='lat' dir='ltr'><strong>ccchxxn.</strong></span> <span class='ocrx_word' id='word_1_227' title='bbox 637 2621 642 2632; x_wconf 85' lang='lat'><strong>.</strong></span> 
     </span>
    </p>

    <p class='ocr_par' dir='ltr' id='par_1_3' title="bbox 60 2655 1114 3323">
     <span class='ocr_line' id='line_1_29' title="bbox 150 2655 1112 2737; baseline -0.003 -18"><span class='ocrx_word' id='word_1_228' title='bbox 150 2658 182 2719; x_wconf 89' lang='lat'><strong>8.</strong></span> <span class='ocrx_word' id='word_1_229' title='bbox 225 2657 279 2718; x_wconf 81' lang='lat' dir='ltr'><strong>Gn.</strong></span> <span class='ocrx_word' id='word_1_230' title='bbox 309 2659 452 2718; x_wconf 83' lang='lat' dir='ltr'><strong>Servilius</strong></span> <span class='ocrx_word' id='word_1_231' title='bbox 476 2655 587 2737; x_wconf 78' lang='lat' dir='ltr'><strong>Caepio</strong></span> <span class='ocrx_word' id='word_1_232' title='bbox 614 2658 697 2720; x_wconf 79' lang='lat' dir='ltr'><strong>etL.</strong></span> <span class='ocrx_word' id='word_1_233' title='bbox 720 2656 838 2720; x_wconf 85' lang='lat' dir='ltr'><strong>Cassius</strong></span> <span class='ocrx_word' id='word_1_234' title='bbox 870 2659 1032 2737; x_wconf 87' lang='lat' dir='ltr'><strong>Longinus,</strong></span> <span class='ocrx_word' id='word_1_235' title='bbox 1064 2659 1112 2736; x_wconf 89' lang='lat' dir='ltr'><strong>qui</strong></span> 
     </span>
     <span class='ocr_line' id='line_1_30' title="bbox 63 2742 1114 2821; baseline -0.002 -19"><span class='ocrx_word' id='word_1_236' title='bbox 63 2742 180 2803; x_wconf 85' lang='lat' dir='ltr'><strong>Ravilla</strong></span> <span class='ocrx_word' id='word_1_237' title='bbox 203 2743 369 2821; x_wconf 90' lang='lat' dir='ltr'><strong>appellatus</strong></span> <span class='ocrx_word' id='word_1_238' title='bbox 396 2751 456 2818; x_wconf 89' lang='lat' dir='ltr'><strong>est,</strong></span> <span class='ocrx_word' id='word_1_239' title='bbox 475 2761 635 2817; x_wconf 88' lang='lat' dir='ltr'><strong>censores,</strong></span> <span class='ocrx_word' id='word_1_240' title='bbox 662 2759 736 2802; x_wconf 88' lang='lat' dir='ltr'><strong>anno</strong></span> <span class='ocrx_word' id='word_1_241' title='bbox 757 2753 824 2820; x_wconf 90' lang='lat' dir='ltr'><strong>post</strong></span> <span class='ocrx_word' id='word_1_242' title='bbox 846 2743 946 2802; x_wconf 90' lang='lat' dir='ltr'><strong>urbem</strong></span> <span class='ocrx_word' id='word_1_243' title='bbox 970 2743 1114 2802; x_wconf 90' lang='lat' dir='ltr'><strong>conditam</strong></span> 
     </span>
     <span class='ocr_line' id='line_1_31' title="bbox 63 2825 1111 2904; baseline -0.002 -18"><span class='ocrx_word' id='word_1_244' title='bbox 63 2839 232 2902; x_wconf 81' lang='lat' dir='ltr'><strong>Dcxxvn,</strong></span> <span class='ocrx_word' id='word_1_245' title='bbox 260 2825 300 2885; x_wconf 88' lang='grc' dir='ltr'><strong>Μ.</strong></span> <span class='ocrx_word' id='word_1_246' title='bbox 328 2827 442 2887; x_wconf 87' lang='lat' dir='ltr'><strong>Plautio</strong></span> <span class='ocrx_word' id='word_1_247' title='bbox 474 2826 629 2904; x_wconf 73' lang='lat' dir='ltr'><strong>Hypsaeo,</strong></span> <span class='ocrx_word' id='word_1_248' title='bbox 659 2825 762 2884; x_wconf 83' lang='lat' dir='ltr'><strong>Fulvio</strong></span> <span class='ocrx_word' id='word_1_249' title='bbox 791 2825 901 2884; x_wconf 85' lang='lat' dir='ltr'><strong>Flacco</strong></span> <span class='ocrx_word' id='word_1_250' title='bbox 932 2826 1111 2898; x_wconf 91' lang='lat' dir='ltr'><strong>consulibus,</strong></span> 
     </span>
     <span class='ocr_line' id='line_1_32' title="bbox 62 2906 1111 2989; baseline -0.004 -19"><span class='ocrx_word' id='word_1_251' title='bbox 62 2928 188 2989; x_wconf 84' lang='lat' dir='ltr'><strong>aquam,</strong></span> <span class='ocrx_word' id='word_1_252' title='bbox 213 2928 289 2988; x_wconf 83' lang='lat' dir='ltr'><strong>quae</strong></span> <span class='ocrx_word' id='word_1_253' title='bbox 311 2919 435 2970; x_wconf 89' lang='lat' dir='ltr'><strong>vocatur</strong></span> <span class='ocrx_word' id='word_1_254' title='bbox 454 2910 583 2989; x_wconf 83' lang='lat' dir='ltr'><strong>Tepula,</strong></span> <span class='ocrx_word' id='word_1_255' title='bbox 605 2927 643 2968; x_wconf 87' lang='lat' dir='ltr'><strong>ex</strong></span> <span class='ocrx_word' id='word_1_256' title='bbox 659 2925 731 2984; x_wconf 86' lang='lat' dir='ltr'><strong>agro</strong></span> <span class='ocrx_word' id='word_1_257' title='bbox 746 2906 924 2980; x_wconf 84' lang='lat' dir='ltr'><strong>Lucullano,</strong></span> <span class='ocrx_word' id='word_1_258' title='bbox 948 2925 1033 2985; x_wconf 86' lang='lat' dir='ltr'><strong>quern</strong></span> <span class='ocrx_word' id='word_1_259' title='bbox 1051 2907 1111 2986; x_wconf 87' lang='lat' dir='ltr'><strong>qui·</strong></span> 
     </span>
     <span class='ocr_line' id='line_1_33' title="bbox 61 2989 1112 3069; baseline -0.007 -15"><span class='ocrx_word' id='word_1_260' title='bbox 61 2995 129 3054; x_wconf 87' lang='lat' dir='ltr'><strong>darn</strong></span> <span class='ocrx_word' id='word_1_261' title='bbox 150 2992 346 3055; x_wconf 82' lang='lat' dir='ltr'><strong>Tusculanum</strong></span> <span class='ocrx_word' id='word_1_262' title='bbox 366 2995 508 3069; x_wconf 89' lang='lat' dir='ltr'><strong>creduut,</strong></span> <span class='ocrx_word' id='word_1_263' title='bbox 531 2994 652 3053; x_wconf 85' lang='lat' dir='ltr'><strong>Romam</strong></span> <span class='ocrx_word' id='word_1_264' title='bbox 675 3001 705 3052; x_wconf 83' lang='lat' dir='ltr'><strong>ei</strong></span> <span class='ocrx_word' id='word_1_265' title='bbox 726 2993 755 3051; x_wconf 90' lang='lat' dir='ltr'><strong>in</strong></span> <span class='ocrx_word' id='word_1_266' title='bbox 779 2989 953 3068; x_wconf 85' lang='lat' dir='ltr'><strong>Capitolium</strong></span> <span class='ocrx_word' id='word_1_267' title='bbox 968 2991 1112 3052; x_wconf 88' lang='lat' dir='ltr'><strong>adducen-</strong></span> 
     </span>
     <span class='ocr_line' id='line_1_34' title="bbox 62 3073 1112 3156; baseline -0.006 -18"><span class='ocrx_word' id='word_1_268' title='bbox 62 3079 130 3138; x_wconf 87' lang='lat' dir='ltr'><strong>dam</strong></span> <span class='ocrx_word' id='word_1_269' title='bbox 155 3088 342 3139; x_wconf 89' lang='lat' dir='ltr'><strong>curaveruut.</strong></span> <span class='ocrx_word' id='word_1_270' title='bbox 387 3076 501 3156; x_wconf 85' lang='lat' dir='ltr'><strong>Tepula</strong></span> <span class='ocrx_word' id='word_1_271' title='bbox 523 3079 687 3155; x_wconf 89' lang='lat' dir='ltr'><strong>concipitur</strong></span> <span class='ocrx_word' id='word_1_272' title='bbox 708 3078 755 3136; x_wconf 90' lang='lat' dir='ltr'><strong>via</strong></span> <span class='ocrx_word' id='word_1_273' title='bbox 777 3076 893 3149; x_wconf 86' lang='lat' dir='ltr'><strong>Latina,</strong></span> <span class='ocrx_word' id='word_1_274' title='bbox 917 3074 953 3134; x_wconf 89' lang='lat' dir='ltr'><strong>ad</strong></span> <span class='ocrx_word' id='word_1_275' title='bbox 980 3088 1004 3134; x_wconf 82' lang='lat' dir='ltr'><strong>x</strong></span> <span class='ocrx_word' id='word_1_276' title='bbox 1022 3073 1112 3132; x_wconf 86' lang='lat' dir='ltr'><strong>milia·</strong></span> 
     </span>
     <span class='ocr_line' id='line_1_35' title="bbox 60 3158 1114 3237; baseline -0.002 -17"><span class='ocrx_word' id='word_1_277' title='bbox 60 3163 154 3237; x_wconf 90' lang='lat' dir='ltr'><strong>rium,</strong></span> <span class='ocrx_word' id='word_1_278' title='bbox 172 3163 347 3223; x_wconf 87' lang='lat' dir='ltr'><strong>diverticulo</strong></span> <span class='ocrx_word' id='word_1_279' title='bbox 362 3162 499 3224; x_wconf 89' lang='lat' dir='ltr'><strong>euntibus</strong></span> <span class='ocrx_word' id='word_1_280' title='bbox 514 3163 551 3224; x_wconf 91' lang='lat' dir='ltr'><strong>ab</strong></span> <span class='ocrx_word' id='word_1_281' title='bbox 561 3161 654 3222; x_wconf 87' lang='lat' dir='ltr'><strong>Roma</strong></span> <span class='ocrx_word' id='word_1_282' title='bbox 670 3161 841 3222; x_wconf 82' lang='lat' dir='ltr'><strong>dextrorsus</strong></span> <span class='ocrx_word' id='word_1_283' title='bbox 857 3158 963 3219; x_wconf 89' lang='lat' dir='ltr'><strong>milium</strong></span> <span class='ocrx_word' id='word_1_284' title='bbox 976 3175 1114 3236; x_wconf 82' lang='lat' dir='ltr'><strong>passuum</strong></span> 
     </span>
     <span class='ocr_line' id='line_1_36' title="bbox 60 3245 841 3323; baseline -0.005 -17"><span class='ocrx_word' id='word_1_285' title='bbox 60 3247 168 3306; x_wconf 89' lang='lat' dir='ltr'><strong>duum:</strong></span> <span class='ocrx_word' id='word_1_286' title='bbox 184 3247 260 3306; x_wconf 78' lang='lat' dir='ltr'><strong>&#39;inde</strong></span> <span class='ocrx_word' id='word_1_287' title='bbox 280 3248 345 3306; x_wconf 89' lang='lat' dir='ltr'><strong>rivo</strong></span> <span class='ocrx_word' id='word_1_288' title='bbox 367 3263 422 3306; x_wconf 91' lang='lat' dir='ltr'><strong>suo</strong></span> <span class='ocrx_word' id='word_1_289' title='bbox 439 3247 470 3305; x_wconf 91' lang='lat' dir='ltr'><strong>in</strong></span> <span class='ocrx_word' id='word_1_290' title='bbox 491 3246 593 3306; x_wconf 88' lang='lat' dir='ltr'><strong>urbem</strong></span> <span class='ocrx_word' id='word_1_291' title='bbox 615 3245 841 3323; x_wconf 89' lang='lat' dir='ltr'><strong>perducebatur.</strong></span> 
     </span>
    </p>

    <p class='ocr_par' dir='ltr' id='par_1_4' title="bbox 151 3321 1113 3409">
     <span class='ocr_line' id='line_1_37' title="bbox 151 3321 1113 3409; baseline 0 -19"><span class='ocrx_word' id='word_1_292' title='bbox 151 3330 181 3390; x_wconf 88' lang='grc'><strong>9.</strong></span> <span class='ocrx_word' id='word_1_293' title='bbox 217 3331 287 3392; x_wconf 90' lang='lat' dir='ltr'><strong>Post</strong></span> <span class='ocrx_word' id='word_1_294' title='bbox 311 3330 349 3391; x_wconf 88' lang='lat' dir='ltr'><strong>ll.</strong></span> <span class='ocrx_word' id='word_1_295' title='bbox 373 3329 523 3409; x_wconf 86' lang='lat' dir='ltr'><strong>Agrippa,</strong></span> <span class='ocrx_word' id='word_1_296' title='bbox 548 3329 652 3390; x_wconf 88' lang='lat' dir='ltr'><strong>aedilis</strong></span> <span class='ocrx_word' id='word_1_297' title='bbox 680 3339 748 3408; x_wconf 87' lang='lat' dir='ltr'><strong>post</strong></span> <span class='ocrx_word' id='word_1_298' title='bbox 776 3321 897 3407; x_wconf 84' lang='lat' dir='ltr'><strong>primurn</strong></span> <span class='ocrx_word' id='word_1_299' title='bbox 921 3326 1113 3404; x_wconf 88' lang='lat' dir='ltr'><strong>consulatum,</strong></span> 
     </span>
    </p>
   </div>
   <div class='ocr_carea' id='block_1_3' title="bbox 60 3412 1113 3588">
    <p class='ocr_par' dir='ltr' id='par_1_5' title="bbox 60 3412 1113 3588">
     <span class='ocr_line' id='line_1_38' title="bbox 60 3412 1113 3493; baseline -0.002 -19"><span class='ocrx_word' id='word_1_300' title='bbox 60 3413 248 3493; x_wconf 87' lang='lat' dir='ltr'><strong>Imperatore</strong></span> <span class='ocrx_word' id='word_1_301' title='bbox 270 3412 401 3475; x_wconf 84' lang='lat' dir='ltr'><strong>Caesare</strong></span> <span class='ocrx_word' id='word_1_302' title='bbox 421 3415 555 3491; x_wconf 78' lang='lat' dir='ltr'><strong>Augusto</strong></span> <span class='ocrx_word' id='word_1_303' title='bbox 573 3413 616 3490; x_wconf 91' lang='lat' dir='ltr'><strong>ll,</strong></span> <span class='ocrx_word' id='word_1_304' title='bbox 637 3413 668 3472; x_wconf 86' lang='lat' dir='ltr'><strong>L.</strong></span> <span class='ocrx_word' id='word_1_305' title='bbox 687 3414 823 3473; x_wconf 86' lang='lat' dir='ltr'><strong>Volcatio</strong></span> <span class='ocrx_word' id='word_1_306' title='bbox 842 3413 1020 3488; x_wconf 87' lang='lat' dir='ltr'><strong>consulibus,</strong></span> <span class='ocrx_word' id='word_1_307' title='bbox 1039 3431 1113 3474; x_wconf 89' lang='lat' dir='ltr'><strong>anuo</strong></span> 
     </span>
     <span class='ocr_line' id='line_1_39' title="bbox 62 3497 1112 3588; baseline -0.005 -30"><span class='ocrx_word' id='word_1_308' title='bbox 62 3508 135 3577; x_wconf 86' lang='lat' dir='ltr'><strong>post</strong></span> <span class='ocrx_word' id='word_1_309' title='bbox 163 3498 265 3578; x_wconf 83' lang='lat' dir='ltr'><strong>urbem</strong></span> <span class='ocrx_word' id='word_1_310' title='bbox 292 3499 439 3560; x_wconf 89' lang='lat' dir='ltr'><strong>conditam</strong></span> <span class='ocrx_word' id='word_1_311' title='bbox 466 3510 619 3572; x_wconf 77' lang='lat' dir='ltr'><strong>neom,</strong></span> <span class='ocrx_word' id='word_1_312' title='bbox 650 3498 685 3557; x_wconf 90' lang='lat' dir='ltr'><strong>ad</strong></span> <span class='ocrx_word' id='word_1_313' title='bbox 713 3498 864 3558; x_wconf 88' lang='lat' dir='ltr'><strong>miliarium</strong></span> <span class='ocrx_word' id='word_1_314' title='bbox 889 3497 925 3558; x_wconf 92' lang='lat' dir='ltr'><strong>ab</strong></span> <span class='ocrx_word' id='word_1_315' title='bbox 955 3497 1028 3588; x_wconf 79' lang='lat' dir='ltr'><strong>urbe</strong></span> <span class='ocrx_word' id='word_1_316' title='bbox 1050 3510 1112 3568; x_wconf 77' lang='grc' dir='ltr'><strong>ΧΠ,</strong></span> 
     </span>
    </p>
   </div>
   <div class='ocr_carea' id='block_1_4' title="bbox 0 0 1242 3909">
    <p class='ocr_par' dir='ltr' id='par_1_6' title="bbox 0 0 1242 3909">
     <span class='ocr_line' id='line_1_40' title="bbox 0 0 1242 3909; baseline 0 0"><span class='ocrx_word' id='word_1_317' title='bbox 0 0 1242 3909; x_wconf 95' lang='lat' dir='ltr'><strong> </strong></span> 
     </span>
    </p>
   </div>
  </div>
 </body>
</html>
