2475 3909
233 231 577 283 srmosorraruuucors
598 234 727 284 mmm.
753 235 962 288 osr.111-v.
1075 227 1116 288 87

476 386 627 450 CAPUT
648 387 703 450 tv.

424 501 761 552 nu1usu1u1a.

157 609 188 668 1.
234 605 378 682 camillo,
404 603 537 666 Faliscos
568 605 731 684 obsidenti,
759 608 818 668 ludi
844 609 983 686 magister
1006 609 1116 670 liberos

68 689 253 752 Faliscorum
281 699 425 768 tamquam
454 688 617 749 ambulandi
643 708 730 751 causa
757 701 840 754 entra
861 711 971 753 murum
993 692 1117 754 eductos

69 774 207 849 tradidit,
228 775 331 835 diceus
353 773 523 853 repetendis
546 775 589 832 eis
607 773 760 834 obsidibus
781 778 951 836 necessario
971 779 1117 838 civitatem

68 861 215 936 imperata
247 857 397 922 iacturam.
442 854 579 915 Camillus
605 873 664 916 non
691 857 785 920 solum
813 860 924 939 sprevit
952 861 1114 940 perfidiam,

68 941 123 1001 sed
150 951 183 1001 et
202 940 346 1000 restrictis
375 948 444 1018 post
470 947 554 1016 terga
575 939 706 1001 manibus
725 945 893 1020 magistrum
913 945 1004 1022 virgis
1026 963 1116 1023 agen·

68 1024 136 1083 dum
160 1023 198 1083 ad
220 1033 359 1103 parentes
374 1021 490 1083 tradidit
507 1025 625 1100 pueris,
648 1025 771 1102 adeptus
787 1027 933 1088 beneficio
950 1030 1114 1104 victoriam,

69 1124 157 1186 quam
179 1107 282 1167 fraude
301 1123 359 1166 nou
380 1107 584 1184 concupierat:
604 1126 668 1168 nam
691 1108 799 1171 Falisci
822 1111 860 1171 ob
881 1111 957 1174 hanc
978 1112 1115 1174 iustitiam

68 1200 179 1270 sponte
201 1192 229 1251 ei
247 1209 280 1250 se
304 1190 486 1250 dediderunt.

157 1273 188 1339 2.
226 1273 273 1334 Ad
301 1273 467 1334 Fabricium
496 1273 600 1333 ducem
628 1273 823 1336 Romanorum
851 1278 981 1339 medicus
1012 1278 1115 1355 Pyrrhi

68 1356 259 1436 Epirotarum
276 1358 356 1434 regis
371 1358 505 1436 pervenit
520 1357 729 1436 pollicitusque
747 1366 793 1417 cst
808 1359 938 1420 daturum
953 1379 986 1420 se
1002 1360 1114 1435 Pyrrho

71 1459 236 1517 venenum,
260 1442 285 1500 si
307 1459 423 1502 merces
445 1440 518 1518 sibi,
541 1441 570 1499 in
591 1459 648 1518 qua
665 1458 774 1518 operae
796 1443 919 1520 pretium
941 1443 1029 1519 foret,
1047 1461 1115 1503 cou-

69 1525 253 1585 stitueretur.
299 1523 364 1598 Quo
390 1524 523 1585 iacinore
548 1523 702 1584 Fabricius
735 1541 826 1602 egere
857 1527 1009 1586 victoriam
1036 1545 1117 1590 suam

68 1625 129 1668 nou
153 1607 308 1668 arbitratus
332 1609 397 1684 regi
424 1608 567 1668 medicum
591 1607 720 1684 detexit,
749 1618 836 1688 atque
860 1627 895 1668 sa
919 1609 976 1669 lide
1000 1613 1115 1684 meruit,

69 1699 102 1751 ut
120 1690 157 1752 ad
170 1691 363 1772 adpetendam
378 1692 530 1752 amicitiam
541 1691 736 1754 Romanorum
753 1692 947 1774 compelleret
965 1693 1115 1770 Pyrrhum.

487 1841 642 1905 curos
664 1844 701 1906 v.
936 1829 949 1870 ⁸

443 1959 492 2006 Du
514 1957 754 2009 CONSTANTIA:

161 2063 188 2121 l.
228 2059 283 2121 Gn.
311 2062 466 2142 Pompeius
499 2063 672 2123 minantibus
707 2082 741 2124 se
770 2066 936 2144 direpturus
964 2065 1116 2145 pecuniam

70 2144 231 2222 militibus,
255 2163 330 2223 quae
350 2148 380 2205 iu
397 2146 541 2225 triumpbo
560 2147 704 2220 ierretur,
726 2148 854 2207 Servilio
876 2158 905 2208 et
925 2147 1043 2208 Glaucia
1067 2166 1117 2208 co·

71 2228 256 2289 bortantibus
272 2239 303 2291 ut
321 2229 465 2290 diuideret
479 2248 561 2305 eam,
581 2247 621 2288 ne
640 2230 746 2290 seditio
762 2230 863 2306 lieret,
885 2231 1045 2290 adfirmavit
1058 2249 1118 2291 non

70 2311 312 2391 triumphatumm
333 2333 384 2391 se,
400 2314 456 2374 sed
478 2315 575 2392 potius
596 2315 780 2390 moritumm,
802 2330 888 2392 quam
908 2313 1044 2372 licentiae
1065 2316 1116 2373 mi·

70 2395 153 2455 litum
166 2396 386 2466 succumberem
399 2399 607 2476 castigatisque
619 2398 752 2458 oratione
764 2399 847 2476 gravi
858 2398 1006 2459 laureatos
1018 2396 1117 2456 issces

69 2478 202 2555 obiecit,
229 2487 261 2538 ut
286 2480 324 2540 ab
348 2481 466 2541 illorum
493 2482 657 2560 inciperent
684 2482 869 2562 direptione;
892 2498 987 2558 eaque
1010 2480 1118 2541 invidia

70 2562 191 2639 redegit
212 2579 266 2622 eos
287 2564 324 2624 ad
345 2562 526 2624 modestiam.

159 2645 190 2703 2.
212 2643 248 2704 C.
257 2643 382 2723 Caesar,
391 2648 535 2708 seditione
552 2648 582 2708 in
594 2649 715 2709 tumultu
727 2650 855 2711 civilium
871 2667 1014 2710 armorum
1028 2650 1117 2726 iacta,

71 2739 132 2789 tum
152 2746 218 2789 cum
239 2732 362 2791 maxime
385 2731 561 2792 tumentibus
580 2734 682 2792 animis
700 2733 845 2808 legionem
865 2743 955 2795 totam
977 2743 1117 2795 exaucto·

71 2813 166 2889 ravit,
189 2812 313 2873 ducibus
328 2816 480 2875 seditionis
496 2817 592 2874 securi
609 2817 775 2893 percussis;
796 2833 865 2874 mox
886 2817 1019 2892 eosdem,
1042 2832 1118 2894 quos

71 2905 335 2975 exauctoraverat,
364 2900 549 2976 ignominiam
573 2899 770 2976 deprecantes
791 2899 916 2958 restituit
939 2907 968 2957 et
991 2900 1117 2976 optimos

71 2981 181 3041 milites
204 2979 311 3040 babuit.

160 3062 191 3123 3.
228 3062 393 3125 Postumius
416 3065 581 3124 consularis
609 3063 779 3124 cohortatus
802 3077 889 3137 suos,
910 3077 973 3120 cum
993 3059 1117 3120 interro-

70 3154 159 3222 gatus
181 3156 263 3207 esset
290 3167 308 3208 a
333 3147 489 3224 militibus,
518 3148 587 3225 quid
610 3148 786 3226 imperaret,
809 3145 896 3222 dixit,
920 3152 951 3203 ut
971 3161 1005 3204 se
1026 3145 1117 3205 imita·

71 3239 189 3306 rentur,
219 3238 249 3290 et
272 3235 393 3310 arrepto
414 3233 500 3310 signo
520 3232 624 3290 bostes
643 3233 752 3310 primus
769 3231 889 3296 iuvasit;
917 3245 1003 3308 quem
1024 3232 1118 3290 secuti

70 3315 227 3375 victoriam
244 3314 342 3394 adepti
365 3324 440 3375 suut.

158 3399 190 3457 4.
237 3395 377 3460 claudius
392 3397 567 3475 blarcellus,
590 3415 656 3458 cum
677 3399 706 3456 iu
725 3415 826 3458 manus
843 3394 989 3457 Gallorum
1011 3396 1116 3476 impru-

71 3483 146 3543 dens
161 3481 329 3560 incidisset,
351 3483 630 3562 circumspiciendae
647 3482 776 3560 regionis
795 3499 852 3562 qua
874 3481 1014 3544 evaderet
1030 3499 1117 3543 causa
