2475 3909
127 186 146 250 8
463 198 546 251 ssx,
560 200 650 251 mnu
669 200 842 253 raourrnr
919 202 924 209 ’

126 358 202 417 tueri
223 356 420 419 tantummodo
447 356 558 419 ltaliam
586 359 750 435 constitnit,
780 357 1025 437 Cunctatorisque
1051 374 1176 433 nomen,

126 452 156 503 et
180 458 235 520 per
255 442 315 501 boo
335 443 436 501 summi
457 442 539 503 ducis
558 444 671 502 meruit.
887 448 890 456 ’

213 526 244 585 4.
266 525 396 601 Byzantii
416 526 556 586 adversus
585 526 749 604 Philippum
770 542 854 586 omne
876 526 1037 604 proeliandi
1067 524 1177 585 discri·

125 626 193 670 men
217 611 377 685 evitantes,
405 611 512 669 omissa
541 611 627 671 etiam
648 610 745 669 linium
771 612 876 686 tutela,
899 613 973 670 intra
995 612 1176 669 munitiones

126 694 227 773 oppidi
249 710 283 754 se
303 702 495 770 receperunt,
517 694 709 771 adsecutique
727 703 809 770 suut,
824 704 856 753 ut
875 693 1025 774 Philippus
1039 693 1175 754 obsidio·

125 778 200 837 ualis
223 794 322 837 morae
342 778 494 853 impatiens
521 776 687 835 recederet.

211 860 240 919 5.
258 858 437 934 Hasdrubal,
462 857 597 935 Gisgonis
628 860 720 935 lilius,
754 860 883 919 secundo
905 861 1015 921 Punico
1038 861 1119 921 bello
1144 862 1176 919 iu

125 943 262 1020 Hispania
284 944 390 1001 victum
412 944 588 1018 exercitum,
608 960 672 1002 cum
687 943 716 1003 P.
728 944 831 1020 Scipio
846 945 983 1018 instaret,
1005 964 1060 1024 per
1079 944 1176 1004 urbes

126 1027 233 1087 divisit.
276 1024 319 1085 lta
341 1026 449 1085 lactum
472 1034 534 1102 est,
555 1034 586 1084 ut
605 1026 722 1103 Scipio,
746 1044 786 1085 nc
804 1026 1023 1105 obpugnatione
1045 1030 1177 1107 plurium

125 1110 300 1191 oppidorum
320 1110 558 1186 distringeretur,
582 1111 610 1168 in
632 1109 756 1170 hiberna
776 1128 847 1169 suos
868 1111 1035 1175 reduceret.

211 1194 240 1254 6.
264 1193 479 1253 Themistocles
499 1192 675 1253 arlventante
695 1193 813 1269 Xerxe,
844 1194 914 1271 quia
933 1212 1033 1271 neque
1052 1195 1177 1272 proelio

125 1278 257 1357 pedestri
276 1294 373 1355 neque
394 1277 491 1336 linium
517 1277 628 1337 tutelae
655 1295 753 1356 neque
780 1277 925 1337 obsidioni
946 1278 1087 1338 credebat
1108 1279 1179 1336 sul·

126 1362 216 1421 licere
240 1360 455 1436 Athenienses,
484 1369 587 1420 auctor
621 1361 676 1421 luit
704 1363 765 1435 eis,
790 1360 901 1420 liberos
924 1370 954 1419 et
976 1363 1120 1437 coniuges
1144 1364 1177 1419 in

127 1446 279 1505 Troezena
303 1453 332 1503 et
354 1444 382 1502 in
404 1444 476 1503 alias
498 1443 587 1502 urbes
601 1446 772 1505 amandandi
793 1445 957 1521 relictoque
978 1444 1087 1523 oppido
1111 1453 1175 1503 sta·

126 1540 185 1589 tum
208 1529 279 1588 belli
301 1529 338 1589 ad
356 1528 461 1587 navale
485 1528 629 1606 proelium
650 1528 855 1588 transferendi.

213 1617 243 1673 7.
266 1611 346 1673 ldem
365 1612 437 1672 iecit
459 1612 488 1669 in
510 1612 612 1672 eadem
643 1614 761 1671 civitate
784 1611 917 1671 Pericles
939 1612 1094 1671 adversum
1117 1611 1174 1670 La·

126 1698 342 1758 cedaemonios.

212 1780 241 1840 8.
262 1780 382 1857 Scipio,
413 1786 546 1837 manente
572 1776 600 1835 in
629 1777 713 1837 ltalia
736 1778 914 1854 Hannibale,
944 1780 1113 1838 transmisso
1141 1780 1174 1838 in

126 1863 257 1929 Africam
278 1864 410 1921 exercitu
429 1862 637 1920 necessitatem
659 1860 946 1938 Carthaginiensibus
966 1864 1102 1941 imposuit
1121 1880 1173 1921 re·

126 1945 251 2006 vocandi
271 1944 471 2004 Hannibalem.
517 1946 567 2004 Sic
589 1964 605 2005 a
628 1946 797 2006 domesticis
810 1946 961 2006 iuuenibus
982 1946 1120 2006 hostilem
1140 1947 1172 2005 in

127 2040 234 2091 terram
256 2029 400 2088 transtulit
421 2028 541 2088 bellum.

212 2112 241 2173 o.
266 2110 482 2188 Athenienses,
506 2130 570 2172 cnm
584 2110 738 2171 Deceliam
758 2113 909 2173 castellum
928 2114 1058 2191 ipsorum
1077 2111 1172 2173 Lace·

127 2196 270 2257 daemonii
294 2197 536 2271 communissent,
561 2204 591 2254 et
611 2196 793 2274 frequentius
816 2206 1008 2272 vexarentur,
1031 2197 1170 2270 classem,

127 2298 184 2359 qua
208 2279 444 2357 Peloponnesum
466 2280 656 2354 infestarent,
680 2281 835 2349 miserunt:
859 2282 1070 2359 consecutione
1092 2290 1170 2355 sunt,

29 2415 31 2421 .
126 2375 157 2424 ut
171 2366 318 2424 exercitus
331 2363 644 2438 Lacedaemoniorum,
658 2365 706 2442 qui
723 2374 784 2424 erat
799 2359 957 2440 Deceliae,
969 2374 1172 2425 revocaretur.

213 2447 263 2508 10.
285 2447 447 2525 Imperator
475 2444 586 2505 Caesar
607 2448 789 2509 Domitianus
814 2448 980 2527 Augustus,
1008 2466 1074 2507 cum
1098 2447 1170 2508 Ger-

126 2532 202 2591 mani
228 2527 310 2591 mor'e
337 2548 389 2591 suo
419 2550 436 2589 c
465 2530 586 2591 saltibus
611 2540 642 2590 ct
672 2530 808 2591 obscuris
831 2532 951 2594 latebris
973 2531 1096 2592 subinde
1118 2534 1170 2591 im

126 2624 290 2692 pugnarent
312 2624 430 2674 nostros
451 2624 600 2692 tutumque
619 2634 789 2692 regressum
817 2618 846 2675 iu
866 2617 1010 2695 profunda
1032 2616 1170 2676 silvarum

126 2698 287 2774 habereut,
316 2698 452 2758 limitibus
480 2716 539 2777 per
563 2708 679 2758 centum
704 2700 806 2775 viginti
835 2701 913 2761 milia
937 2718 1074 2779 passuum
1096 2701 1170 2759 actis

126 2800 185 2841 nou
204 2784 321 2843 mutavit
343 2791 450 2843 tantum
467 2792 571 2843 statum
592 2782 681 2859 belli,
704 2784 805 2845 sedet
826 2785 953 2845 subiecit
975 2784 1076 2845 ditioni
1097 2801 1169 2843 suae

126 2866 244 2943 hostes,
268 2884 388 2944 quorum
407 2866 521 2943 refugia
543 2868 714 2927 nudaverat.

536 3032 684 3093 CAPUT
712 3034 761 3095 lv.

211 3164 258 3208 DE
281 3162 563 3211 TRANSDUCENDO
584 3164 762 3212 EXERCITU
775 3166 843 3212 PER
865 3164 958 3213 Loca
978 3164 1084 3212 HOSTI

568 3248 722 3296 INSESSA.

215 3364 392 3425 1.Acmilius
404 3368 499 3446 Papus
512 3370 615 3429 consul
627 3387 692 3428 cum
702 3370 731 3428 in
741 3366 865 3429 Lucanis
873 3369 953 3428 iuxta
967 3368 1035 3427 litus
1044 3378 1168 3445 angusto

126 3449 240 3509 itinere.
254 3450 414 3509 exercitum
433 3452 570 3531 duceret,
591 3462 622 3511 et
643 3452 791 3513 Tarentini
810 3454 838 3512 ei
857 3452 954 3513 classe
976 3452 1103 3513 insidiati
1118 3470 1167 3529 ag-
