2475 3909
203 208 545 259 anasuaonmtcort
566 210 635 258 ΗΒ.
649 212 686 265 Π.
709 212 786 261 ΟΔΡ.
808 214 949 268 vul-L
1083 204 1123 266 55

161 364 192 425 5.
237 360 382 424 Domitius
405 361 553 442 Corbulo,
576 385 642 426 cum
664 366 904 446 Tigranocertam
921 368 1072 432 obsideret
1092 382 1123 433 et

70 447 206 509 Armenii
225 450 414 527 pertinaciter
427 448 597 509 viderentur
615 452 766 513 toleraturi
784 453 982 531 obsidionem,
1005 456 1122 517 iuliad-

71 531 183 592 vadum
206 532 358 610 quemdam
380 550 418 591 ex
434 532 646 610 illegistaniltus
667 553 743 615 quos
767 548 890 617 ceperat
911 540 1123 619 animadvertit,

71 626 224 695 caputque
245 618 307 675 eius
329 616 445 677 ballista
467 635 623 679 excussum
644 621 718 680 intra
734 624 907 684 munimenta
928 624 1054 683 hostium
1072 626 1123 683 nni·

71 702 122 761 sit.
169 698 202 761 ld
231 700 309 759 forte
338 699 446 760 decidit
467 701 496 760 in
523 703 649 763 medium
671 706 842 782 concilium,
875 707 952 786 quod
975 717 1035 767 tum
1058 726 1123 767 cum

71 786 200 843 maxime
219 782 365 845 habebant
385 784 517 845 hattoni:
541 787 577 847 ad
597 789 679 847 cuius
695 800 887 869 conspectum
903 791 986 852 velut
1004 800 1122 852 ostento

72 869 255 928 consternati
278 867 313 928 ad
335 868 509 929 deditionem
525 870 746 932 festinaverunt.

164 952 193 1013 6.
238 950 445 1012 Hermocraten
475 954 692 1031 Syracusanus,
717 958 862 1035 superatis
883 960 947 1019 acie
969 958 1121 1037 Carthagi·

71 1036 242 1111 niensibus,
270 1036 380 1096 veritus
408 1054 446 1096 nc
479 1038 602 1116 captivi,
632 1057 754 1119 quorum
784 1042 932 1119 ingentem
958 1061 1071 1103 manum
1093 1045 1122 1102 in

71 1128 255 1200 potestatem
280 1120 453 1197 redegerat,
481 1138 582 1199 parum
610 1123 768 1201 diligenter
786 1127 1020 1204 custodirentur,
1043 1127 1123 1205 quod

72 1213 202 1266 eventus
223 1204 413 1265 dimicationis
435 1207 464 1265 in
487 1205 589 1284 epulas
611 1218 640 1268 et
661 1209 848 1269 securitatem
864 1211 1046 1289 compellere
1061 1213 1121 1271 vic·

71 1300 160 1349 tores
182 1296 318 1367 poterat,
341 1288 422 1349 lunxit
446 1290 577 1367 proxima
603 1300 691 1351 nocte
715 1294 874 1371 equitatum
895 1294 1033 1354 hostilem
1051 1312 1121 1354 ren·

70 1384 193 1435 turum..
224 1371 287 1447 Qua
309 1374 532 1450 exspectatione
552 1374 710 1454 adsecutos
731 1384 792 1451 est,
816 1384 845 1436 nt
867 1378 956 1437 solito
977 1377 1123 1438 adtentius

71 1456 197 1535 vigiliae
218 1466 385 1533 agerentur,

164 1543 193 1600 7.
236 1539 332 1616 ldem,
351 1540 439 1601 rebus
457 1556 603 1619 prospere
621 1542 732 1619 gestis,
753 1550 783 1601 et
805 1540 844 1601 ob
863 1541 892 1601 id
909 1541 1047 1603 resolutis
1062 1544 1123 1602 snis

73 1627 104 1683 in
127 1624 243 1684 nimiam
265 1626 450 1686 securitatem
471 1642 632 1704 somnoque
660 1634 690 1685 et
717 1644 799 1687 merc
819 1627 947 1705 pressis,
976 1628 1006 1686 in
1027 1636 1124 1687 castra

73 1710 204 1768 hostium
214 1708 392 1785 transfugam
407 1709 501 1785 misit,
522 1711 571 1788 qni
590 1711 816 1789 praetenderet,
835 1728 869 1770 se
887 1711 957 1787 luga
975 1709 1122 1789 elapsum:

75 1794 237 1871 dispositas
259 1794 333 1851 enim
347 1792 454 1871 ubique
470 1809 486 1852 a
505 1795 697 1869 Syracusanis
714 1796 848 1856 insidias:
873 1813 963 1874 quare
982 1813 1019 1854 ne
1034 1804 1123 1855 noctu

76 1878 248 1955 reciperent
270 1878 372 1935 aciem.
417 1875 478 1952 llli,
508 1877 558 1937 lux
580 1897 644 1939 curn
669 1879 855 1957 adventaret,
875 1881 1026 1960 persecuti
1047 1880 1124 1941 viam

75 1963 104 2021 in
127 1961 227 2021 iussas
249 1960 421 2021 deciderunt
444 1968 474 2021 et
496 1978 533 2021 eo
555 1963 643 2023 modo
664 1965 735 2023 uicti
754 1973 828 2024 sunt.

492 2127 649 2189 CAPUT
672 2128 708 2188 X.

76 2259 108 2306 ar
133 2258 199 2306 aas
232 2256 362 2306 numus
392 2257 575 2323 cusanam,
605 2259 654 2305 oc
681 2258 852 2307 somnam
881 2260 1122 2307 annumerare.

163 2380 193 2442 1.
237 2376 271 2437 Τ.
294 2378 396 2439 Didius
418 2380 446 2439 in
463 2379 618 2459 llispania,
643 2398 708 2440 cuna
725 2381 869 2440 acerrimo
884 2380 999 2459 proelio
1023 2380 1122 2441 condi-

75 2465 173 2523 xisse‘c
195 2462 273 2539 quod
299 2480 359 2522 nox
381 2462 554 2541 dlrcmerat,
582 2480 688 2543 magno
716 2482 836 2525 numero
860 2467 1004 2546 utrimque
1034 2482 1123 2525 caeso

76 2546 231 2625 complura
259 2564 376 2606 suorum
403 2566 530 2627 corpora
558 2549 632 2609 intra
660 2559 776 2611 noctem
805 2551 978 2629 sepelienda
1000 2552 1122 2611 curavit.

74 2631 197 2709 Hispani
222 2625 356 2709 postera'
371 2631 418 2691 die
441 2634 477 2693 ad
506 2633 599 2693 simile
624 2634 750 2694 cilicium
771 2637 943 2713 progressi,
966 2637 1032 2716 quia
1059 2636 1122 2715 pln-

74 2734 125 2775 res
152 2732 191 2773 ex
213 2715 342 2792 ipsorum
361 2730 480 2777 numero
494 2734 585 2795 ,qaam
603 2736 642 2777 ex
659 2718 797 2779 llomanls
812 2737 918 2779 caesos
939 2729 1122 2799 repererant,

74 2801 173 2859 victos
201 2816 234 2857 se
265 2816 333 2858 esse
363 2802 521 2862 secundum
547 2819 610 2860 earn
635 2801 892 2863 dinumerationem
920 2805 1123 2881 argumentati,

74 2883 112 2943 ad
137 2882 322 2943 conditiones
341 2884 526 2963 imperatoris
549 2883 774 2944 descenderunt.

164 2965 193 3025 2.
239 2965 270 3025 L.
294 2966 420 3029 Marcius
443 2961 535 3049 eques
557 2969 723 3043 Romanus,
752 2967 801 3045 qui
823 2963 956 3046 reliquiis
975 2971 1123 3028 exercitus

74 3050 392 3135 duorumsscipionum
420 3054 563 3133 praefuit,
593 3070 658 3112 cum
682 3052 711 3110 in
739 3052 905 3130 propinquo
935 3050 1001 3111 bina
1027 3060 1123 3110 castra

74 3133 242 3193 Poenorum
271 3138 383 3213 *paucis
421 3137 535 3196 milibus
578 3154 714 3216 passuum
751 3136 914 3210 distarent,
954 3135 1124 3194 cohortatus

75 3218 185 3278 milites
218 3221 352 3297 proxima
384 3229 480 3281 castra
513 3221 686 3300 intempesta
720 3228 808 3280 nocte
843 3218 963 3279 adortus
997 3227 1059 3292 est;
1095 3229 1125 3280 et

76 3321 142 3361 cum
177 3303 292 3363 hostem
324 3306 468 3365 victoriae
500 3294 605 3365 lidu‘cia
637 3305 860 3383 incompositum
892 3302 1051 3381 adgressus
1085 3324 1123 3365 ne

75 3387 193 3445 nuntios
216 3388 333 3466 quidem
356 3388 448 3449 cladis
475 3388 661 3465 reliquisset,
689 3389 862 3449 brevissimo
886 3397 1019 3469 tempore
1041 3391 1124 3451 militi

74 3471 112 3532 ad
134 3473 268 3548 requiem
287 3472 371 3550 dato,
392 3472 495 3533 eadem
512 3482 600 3532 nocte
622 3474 726 3552 raptim
741 3473 844 3534 iarnana
862 3476 906 3536 rei
919 3485 1023 3552 gestae
1038 3492 1123 3553 prae·
