2475 3909
271 240 614 292 sununnouusnroou
635 242 706 292 um.
728 242 765 290 11.
787 241 865 293 esc.
888 244 935 292 ru.
1082 234 1123 296 39

73 400 153 458 tinae
182 414 301 476 quoque
323 396 441 474 linguae
462 414 544 457 usum
567 396 595 457 ei
618 400 805 458 conversatio
825 399 947 477 pristina
961 408 1123 461 castrorum

74 482 226 556 dedisset,
247 483 276 540 in
295 482 416 559 primam
437 482 736 560 aciem-procucurrit
758 492 788 543 et
806 485 935 543 occisum
956 484 993 543 ab
1015 502 1053 567 ⁸⁰.
1064 484 1122 545 lla·

74 568 147 625 nium
165 565 255 625 latine
273 565 401 624 clamare
414 564 528 643 coepb,
552 574 640 643 atque
653 566 691 625 ita
708 567 815 633 multos
828 576 993 627 nostrorum
1008 570 1122 628 avertit.

161 650 214 709 11.
260 646 429 723 llyronides
441 647 646 723 Atheniensis,
665 648 754 710 dubio
766 651 882 729 proelio
894 651 1035 712 adversus
1048 652 1123 712 The·

74 735 171 793 banos
194 750 257 809 pem
277 750 402 809 gerens,
425 741 549 810 repente
571 732 601 792 in
621 732 755 794 dextrum
775 751 893 795 suorum
914 752 1005 796 cornu
1028 737 1123 816 prosi·

75 820 127 877 luit
151 826 182 876 et
205 816 398 890 exclamavit,
426 816 543 879 sinistro
570 820 626 876 ianr
653 834 687 877 sc
715 819 840 879 vicisse:
866 837 923 899 qua
950 836 983 879 re
1011 830 1042 881 et
1063 820 1123 879 suis

75 902 229 962 alacritate
248 909 279 959 et
300 900 433 960 hostibus
453 910 530 960 metu
548 902 657 960 iniecto
679 903 759 962 vicit.

164 984 215 1045 12.
262 981 368 1059 Gyrus,
385 984 526 1044 adversus
539 984 701 1062 Croesum,
715 985 886 1065 praevalido
902 986 1028 1047 bostium
1044 987 1123 1065 eqni·

75 1070 146 1129 tatui
167 1067 344 1128 camelorum
362 1086 484 1145 gregem
506 1063 660 1147 obposuit;
684 1088 806 1148 quorum
828 1072 956 1131 novitate
979 1080 1009 1131 et
1031 1070 1125 1131 odore

76 1153 259 1213 consternati
287 1153 354 1231 equi
381 1168 439 1211 non
465 1152 559 1212 solum
585 1154 745 1214 insidentes
765 1157 1046 1233 praecipitaverunt,
1070 1154 1124 1214 sed

75 1238 209 1315 peditum
238 1252 355 1315 quoque
380 1253 497 1296 suorum
531 1238 649 1299 ordines
678 1240 877 1318 protriverunt
900 1240 1124 1319 vincendasque

76 1322 158 1380 hosti
179 1320 385 1398 praebuerunt.
437 1377 450 1399 ⁸

172 1402 221 1463 13.
263 1403 391 1479 Pyrrhus
412 1403 598 1482 Epirotarum
621 1422 691 1480 rex,
715 1422 770 1482 pro
797 1402 961 1463 Tarentinis
984 1404 1125 1463 adversus

78 1489 247 1563 Romanos,
276 1488 382 1549 eodem
408 1489 495 1549 modo
526 1488 693 1567 elephantis
721 1488 758 1548 ad
785 1487 1010 1567 perturbandam
1032 1487 1126 1547 aciem

77 1590 151 1633 usus
174 1582 228 1631 est.

169 1658 218 1717 14.
266 1655 357 1715 Poeni
385 1672 503 1735 quoque
534 1656 678 1717 adversus
706 1654 854 1715 Romanos
884 1652 961 1715 idern
992 1653 1127 1714 iecerunt

77 1743 262 1820 frequenter.

169 1825 218 1885 15.
263 1824 440 1884 Volscorum
468 1832 563 1883 castra
594 1842 659 1884 cum
678 1840 773 1902 prope
792 1839 809 1884 a
829 1821 963 1900 virgultis
985 1820 1125 1900 silvisque

79 1910 178 1989 posita
206 1916 322 1985 essent,
351 1906 554 1968 Camillus·ea
577 1909 691 1984 omnia,
722 1926 797 1986 quae
826 1916 1002 1986 conceptum
1029 1908 1127 1984 ignem

80 2011 176 2071 usque
199 1994 228 2052 in
246 1991 352 2053 vallum
366 1993 500 2080 perterre
521 2000 673 2072 poterant,
692 1992 820 2052 incendit
835 2001 868 2053 et
880 1995 924 2052 sic
940 1992 1127 2051 aduersarios

83 2078 164 2138 enuit
187 2078 302 2136 castris.

170 2161 221 2222 16.
265 2159 297 2220 P.
317 2157 442 2219 Crassus
465 2159 546 2220 bello
566 2158 677 2235 sociali
706 2154 811 2217 eodem
832 2159 920 2218 modo
946 2176 1042 2239 prope
1063 2176 1128 2218 cum

81 2248 179 2326 copiis
201 2244 334 2304 omnibus
358 2245 537 2323 interceptus
559 2252 614 2303 est.

154 2331 222 2389 .17.
266 2327 386 2406 Hispani
409 2327 725 2388 contra'llamilcarem
749 2325 844 2383 bores
866 2323 1008 2383 vehiculis
1029 2322 1127 2382 adiun-

82 2424 148 2475 ctos
176 2414 206 2472 in
235 2413 325 2490 prima
346 2411 443 2471 fronte
469 2413 680 2472 constituerunt
700 2409 895 2487 vehiculaque
920 2406 1041 2481 taedae,
1064 2405 1129 2465 sebi

82 2508 113 2558 et
141 2496 289 2577 sulphuris
318 2495 419 2574 plena,
450 2497 680 2575 signo·pugnae
710 2495 795 2569 dato,
823 2492 1028 2553 incenderunt:
1055 2492 1129 2550 actis

82 2582 190 2641 deinde
212 2582 240 2639 in
261 2580 376 2639 hostem
396 2579 489 2640 bubus
513 2588 725 2639 consternatam
745 2581 837 2638 aciem
860 2584 1063 2657 perruperunt.

173 2665 223 2725 18.
267 2662 374 2723 Falisci
403 2672 434 2723 et
457 2664 700 2741 Tarquinienses,
730 2662 929 2738 compluribus
957 2678 1074 2721 suorum
1100 2661 1129 2719 in

82 2748 211 2809 habiturn
230 2748 417 2807 sacerdotum
439 2748 623 2822 subornatis,
652 2748 734 2806 iaces
757 2755 786 2807 et
804 2763 916 2825 angues
938 2746 1130 2824 praeferenti·

84 2834 156 2909 bus,
180 2832 285 2891 furiali
298 2833 417 2893 incessu
437 2834 531 2892 aciem
551 2830 747 2892 Romanomm
768 2832 969 2889 turbaverunt.

175 2916 224 2977 ta.
275 2915 356 2975 ldem
376 2914 518 2976 Veientes
546 2923 576 2974 et
606 2912 761 2974 Fidenates
789 2913 904 2973 lacibus
932 2912 1062 2990 adreptis
1087 2910 1129 2968 ie·

86 3008 200 3061 cerunt.
271 3026 280 3043 ·
691 3030 694 3038 ·
859 3018 864 3027 ¹

173 3084 224 3144 20.
267 3083 380 3145 Athens
405 3102 460 3143 rex
484 3081 673 3158 Scytharum,
703 3096 767 3139 cum
791 3079 933 3138 adversus
960 3076 1132 3155 ampliorem

86 3168 283 3228 Triballorum
306 3169 468 3227 exercitum
491 3167 681 3243 conlligeret,
705 3165 787 3224 iussit
809 3181 825 3223 a
846 3162 961 3221 leminis
983 3170 1012 3220 et
1032 3162 1131 3239 pueris

85 3255 223 3331 omnique
245 3252 364 3329 ‚imbelli
389 3252 473 3331 turba
499 3267 609 3327 greges
632 3252 777 3309 asinorum
799 3267 835 3308 ac
854 3248 940 3306 boum
960 3246 997 3306 ud
1015 3254 1130 3325 postre-

85 3356 160 3397 mam
188 3337 313 3397 hostium
340 3336 434 3397 aciem
463 3332 611 3395 admoveri
641 3326 671 3392 et
696 3342 814 3393 erectas
841 3332 940 3391 hastas
966 3328 1129 3410 praeferri:
1193 3372 1206 3393 .

83 3422 191 3481 lamam
214 3420 320 3481 deinde
343 3420 473 3494 diliudit,
502 3428 646 3495 tamquam
668 3417 774 3477 auxilia
800 3416 856 3477 sibi
883 3417 920 3477 ab
941 3416 1130 3476 ulterioribus

85 3506 205 3581 Scythis
224 3500 430 3572 adventarent;
455 3520 511 3582 qua
533 3502 758 3562 adseveratione
780 3503 885 3562 avertit
901 3502 1025 3563 hostem.
