2475 3909
252 200 593 267 annaquonusurcox
615 202 685 250 ms.
708 202 747 250 m
770 202 846 250 cnr.
870 204 903 251 v.
986 246 991 254 ,
1060 192 1101 252 tt

50 360 104 419 bas
128 358 281 437 paullatim
304 356 462 431 cederent,
485 354 581 417 donec
600 355 724 433 spatium
746 356 850 417 darent
870 359 1065 436 consurgendi
1086 378 1103 420 a

52 454 138 520 tergo
165 441 206 502 ob
236 440 294 500 hoc
315 440 474 517 dispositis.
520 438 606 512 Quod
632 450 786 518 postquam
808 458 847 500 ex
868 445 1012 503 sententia
1033 461 1102 504 con·

51 530 137 604 tigit,
162 525 317 585 conversis
337 525 386 601 qui
401 534 485 601 terga
501 523 619 583 dedisse
637 524 828 599 videbantur,
849 528 974 587 medium
989 528 1104 587 hostem

51 610 250 689 trepidantem
271 609 390 677 cecidit;
412 608 493 686 ipsos
515 608 600 667 etiarn
623 624 734 685 equos,
757 608 856 686 pedite
878 613 1037 671 comminus
1056 630 1103 671 ac·

52 696 199 769 cedente,
231 693 384 752 confodit:
416 709 513 769 eoque
541 691 657 769 proelio
693 692 827 753 fiduciam
852 695 932 772 regi,
961 712 1048 775 quam
1074 696 1103 757 iu

52 777 244 857 equestribus
268 777 360 853 copiis
380 775 526 851 habebat,
548 776 684 835 detraxit.

137 862 191 925 34.
238 860 361 921 Crassus
385 855 466 919 bello
490 860 677 936 lugitivorum
697 859 774 937 apud
796 857 984 923 Calamatiurn
1006 864 1102 941 (moa-

51 949 126 1025 tcm)
148 945 218 1005 bina
238 954 333 1004 castra
350 945 508 1017 comminus
522 962 586 1003 cum
601 944 726 1003 hostium
738 945 843 1006 castris
855 944 989 1005 vallavit:
1014 955 1102 1005 nocte

50 1030 159 1091 deinde
189 1029 371 1089 commutatis
398 1030 509 1107 copiis,
539 1036 674 1087 manente
707 1029 856 1107 praetorio
884 1030 914 1089 in
942 1031 1102 1091 maioribus

50 1116 177 1187 castris,
208 1122 239 1172 ut
261 1112 433 1171 fallerentur
461 1112 579 1186 hostes,
610 1113 675 1189 ipse
701 1128 803 1172 omnes
827 1115 929 1192 copias
951 1114 1050 1174 eduxit
1072 1122 1103 1174 et

48 1201 76 1257 in
105 1197 256 1258 radicibus
285 1196 428 1274 praedicti
455 1197 560 1255 montis
594 1198 756 1265 constituit;
786 1197 940 1276 divisoque
971 1200 1101 1276 equitatu

48 1282 209 1363 praecepit
236 1279 266 1339 L.
288 1279 443 1355 Quinctio,
472 1288 585 1359 purtem
613 1280 756 1357 Spartaco
786 1280 919 1341 obiceret
944 1298 1101 1360 pugnaque

48 1385 120 1425 eum
141 1365 349 1441 frustraretur,
372 1374 456 1441 parte
479 1365 535 1424 alia
559 1363 659 1423 Gallos
673 1362 891 1441 Germanosque
912 1382 950 1423 ex
972 1364 1101 1425 factione

47 1448 137 1509 Casti
166 1457 195 1508 et
215 1447 333 1508 Gannici
365 1446 488 1509 eliceret
514 1448 549 1507 ad
581 1464 707 1525 pugnam
729 1454 759 1505 et
778 1464 875 1525 pugna
896 1446 1028 1506 simulata
1049 1448 1099 1507 de·

48 1536 195 1609 duceret,
219 1531 266 1593 ubi
285 1534 350 1611 ipse
373 1534 466 1592 aciem
492 1533 685 1591 instruxerat:
708 1546 783 1608 quos
806 1547 870 1589 cum
886 1528 1001 1590 barbari
1022 1533 1099 1590 inse·

49 1618 112 1679 cuti
144 1626 260 1692 essent,
290 1618 389 1695 equite
416 1616 578 1677 recedente
603 1616 632 1673 in
660 1632 786 1691 cornua,
817 1613 914 1673 subito
941 1616 1021 1674 acies
1041 1614 1099 1673 llo-

49 1719 135 1761 mana
164 1700 304 1778 adaperta
333 1718 397 1759 cunr
423 1701 551 1761 elamore
582 1700 776 1777 procucurrit.
821 1698 951 1775 Triginta
973 1699 1100 1776 quinque

49 1786 130 1845 milia
157 1794 330 1845 armatorum
353 1801 389 1843 eo
413 1784 530 1862 proelio
555 1783 710 1843 interiecta
733 1802 796 1843 cum
816 1784 888 1861 ipsis
913 1781 1034 1841 ducibus
1053 1782 1099 1842 bi·

50 1872 116 1928 vius
138 1869 243 1943 tradit,
266 1877 406 1946 receptas
430 1870 555 1947 quinque
574 1867 721 1927 Romanas
739 1869 870 1946 aquilas,
893 1869 976 1944 signa
998 1886 1052 1927 sex
1069 1876 1101 1929 et

50 1954 172 2031 viginti,
196 1952 285 2012 multa
296 1952 410 2031 spolia,
434 1955 509 2011 inter
521 1970 595 2031 quae
609 1953 735 2029 quinque
747 1952 846 2013 lasoes
858 1971 922 2013 oum
934 1952 1097 2037 securibus.

137 2036 189 2097 35.
235 2034 268 2101 C.
288 2035 406 2097 Cassius
425 2037 454 2095 in
473 2038 556 2112 Syria
570 2036 713 2101 adversus
726 2036 849 2096 Parthos
866 2038 976 2097 ducens
993 2039 1097 2112 aciem,

51 2122 183 2199 equitem
206 2121 333 2181 ostendit
356 2139 372 2181 a
392 2119 509 2196 fronte,
534 2139 598 2180 cum
621 2118 657 2179 ab
678 2127 764 2195 tergo
788 2121 916 2197 peditem
934 2122 963 2177 in
982 2121 1097 2187 conim-

50 2221 129 2282 goso
153 2204 222 2263 loco
244 2204 437 2273 occultasset;
460 2205 527 2265 dein
548 2204 673 2265 cedente
695 2203 824 2279 equitatu
847 2211 876 2261 et
898 2219 953 2278 per
975 2214 1043 2262 nota
1064 2222 1098 2263 se

48 2290 233 2367 recipiente,
256 2290 284 2348 in
299 2298 488 2367 praeparatas
511 2288 630 2360 insidias
648 2287 786 2365 perduxit
804 2286 965 2345 exercitum
978 2284 1097 2345 Partho-

48 2392 113 2433 rum
135 2382 165 2431 et
187 2374 303 2432 cecidit.

136 2457 188 2518 36.
233 2457 385 2517 Ventidius
407 2454 530 2515 Parthos
554 2465 584 2515 et
610 2455 784 2531 Labienum,
810 2453 927 2515 alacres
952 2453 1098 2513 successi·

46 2542 103 2603 bus
125 2541 330 2616 victoriarum,
353 2541 418 2601 dum
440 2557 511 2599 suos
529 2541 663 2618 ipseper
681 2539 893 2600 simulationem
914 2547 1007 2599 metus
1028 2555 1097 2597 con·

46 2629 138 2701 tinet,
161 2628 299 2685 evocavit
316 2634 346 2685 et
365 2627 393 2685 in
408 2624 475 2683 loca
495 2626 590 2702 iniqua
606 2624 768 2700 deductos,
791 2624 951 2701 adgressus
973 2642 1027 2701 per
1045 2623 1098 2684 ob·

46 2712 233 2789 reptionem,
263 2709 338 2769 adeo
369 2707 545 2785 debellavit,
569 2718 599 2769 ut
622 2708 760 2770 destituto
790 2706 918 2769 Labieno
946 2710 1098 2787 provincia

46 2796 232 2855 excederent
254 2793 359 2857 Parthi.

135 2878 186 2939 37.
232 2875 312 2936 Idem
334 2876 474 2937 adversus
495 2875 699 2951 Pharnapateu
727 2881 757 2931 et
779 2872 919 2946 Parthos,
945 2891 1009 2933 cum
1031 2876 1097 2953 ipse

46 2965 187 3041 exiguum
213 2980 362 3021 numerum
386 2960 505 3020 militum
533 2958 674 3031 haberet,
702 2955 761 3013 illis
787 2965 882 3014 autem
904 2956 1037 3015 fiduciam
1060 2975 1098 3015 ex

44 3046 232 3107 multitudine
250 3046 365 3104 uideret
386 3047 572 3119 increscere,
596 3042 632 3102 ad
655 3040 732 3101 latus
752 3048 913 3098 castrorum
932 3040 1097 3099 octodecim

44 3132 190 3191 cobortes
219 3131 248 3188 in
274 3128 402 3190 obscura
422 3127 500 3187 valle
523 3128 637 3205 posuit,
671 3126 799 3202 equitatu
822 3131 890 3202 post
910 3130 995 3199 terga
1015 3124 1096 3202 pedi·

43 3225 104 3276 tum
128 3214 299 3274 conlocato.
343 3212 414 3273 Tum
434 3228 546 3290 paucos
565 3210 718 3270 admodum
739 3209 845 3269 milites
866 3208 894 3265 in
915 3205 1029 3267 bostem
1044 3209 1095 3267 mi·

42 3302 95 3370 sit;
125 3300 177 3377 qui
198 3298 247 3357 ubi
272 3297 404 3357 simulata
425 3294 494 3375 iuga
515 3296 631 3355 hostem
652 3294 746 3353 eb'use
766 3300 939 3370 sequentem
960 3293 1035 3354 ultra
1052 3293 1095 3355 lo-

42 3403 109 3445 cum
123 3383 296 3444 insidiarum
310 3382 489 3461 perduxere,
511 3387 614 3439 coorta
635 3398 651 3439 a
667 3378 760 3439 latere
783 3376 875 3456 acies,
893 3379 1094 3459 praecipitatis

39 3469 69 3531 in
88 3468 194 3547 fugam
216 3465 346 3545 Parthis,
370 3466 398 3524 in
419 3464 464 3525 his
486 3463 690 3541 Pharnapaten
712 3460 868 3553 inlerleoit.
