2475 3909
134 186 223 237 xrnr
403 160 408 171 '
459 187 659 239 rnunrsrro
677 186 854 242 enisurus.

136 344 178 403 Gi.
193 347 230 403 de
249 344 370 417 aquesd.
385 328 428 405 192
443 350 502 405 102.
537 345 609 405 Oud.
631 344 832 419 mlum:
852 363 904 418 pro
919 363 976 420 quo
990 348 1092 405 metius
1106 357 1195 405 esset

135 447 198 489 aas
211 430 327 489 imm
346 421 359 508 ΙΙ
380 432 424 487 st.
438 430 486 497 lis)
500 446 555 501 ego
579 430 698 487 inserui.
720 421 735 510 u
755 434 799 491 et.
821 431 902 489 adse
917 434 952 491 el.
968 436 1088 502 renea)
1122 433 1194 489 Non

136 515 289 571 delendum
302 518 407 589 secreto
422 512 517 579 (unter
530 514 592 571 vier
604 514 722 586 Augen)
740 530 805 573 cum
823 516 983 601 lipsium,
999 515 1051 571 sed
1067 518 1194 573 coniun-

135 598 260 672 gendum
274 614 338 655 cum
348 598 471 669 pecunie
493 600 637 655 instruxit.
676 599 801 655 Petrens.
825 598 939 655 exhibet
957 602 1138 671 orcoeeitunr,
1159 601 1192 656 in

136 699 192 755 quo
206 683 373 754 plusinest,
399 696 482 752 quam
505 683 619 753 glossae
636 684 764 752 species;
794 683 880 738 immo
898 689 926 739 et
949 682 1067 739 adiuvat
1087 700 1191 741 meam

136 766 360 823 emendationem
387 770 414 817 et
438 766 516 821 iavet
539 780 620 821 meae
643 766 852 821 commutationi
881 767 962 861 pocis
981 773 1095 825 secreto.
1110 758 1126 847 ΙΙ
1141 771 1190 825 39.

134 855 222 918 metu)
234 851 322 905 Patet.
345 849 457 905 minata
485 838 498 926 ΙΙ
521 852 567 907 42.
587 849 698 918 milites)
715 848 773 905 Res
795 855 823 905 et
838 842 1105 934 ratio-coarguunt,
1126 850 1190 907 duo

133 934 263 1005 exemplo
276 933 306 987 in
321 948 406 987 imum
421 932 562 989 coaluisse
576 932 756 988 conniventia
767 933 883 1001 librarii,
895 934 976 989 cuius
987 936 1062 989 oculi
1080 950 1099 990 a
1114 950 1191 993 voce

132 1016 228 1073 milites
240 1017 277 1071 ed
288 1015 408 1071 eandem
422 1032 523 1073 vocem
536 1016 649 1071 alterius
660 1016 783 1086 exempli
796 1017 1007 1073 aberraverunt
1023 1009 1037 1096 ΙΙ
1050 1023 1097 1079 45.
1106 1020 1190 1086 eum)

133 1102 174 1157 lte
192 1101 294 1171 scripsi
308 1101 373 1171 (pro
384 1100 463 1172 quio)
476 1105 591 1171 propter
605 1116 664 1171 seq.
679 1105 869 1173 opnoecaeat.

218 1261 250 1323 ln
271 1261 364 1337 libro,
388 1278 474 1340 quem
495 1258 651 1323 Frontinus
673 1261 710 1321 de
737 1279 831 1340 aquae
860 1260 995 1323 ductibus
1016 1259 1098 1322 cibis
1123 1261 1188 1321 llo-

133 1364 198 1409 mee
226 1345 362 1425 reliquit,
391 1345 547 1422 diligenter
573 1344 745 1405 examinatis
775 1344 936 1405 rationibus
969 1346 1040 1405 nihil
1072 1355 1187 1406 muten-

134 1432 203 1495 dum
225 1448 294 1495 esec
330 1430 448 1504 censui,
481 1430 616 1507 exceptis
651 1430 703 1504 iis,
734 1446 810 1506 quae
838 1428 1010 1506 typothetae
1043 1428 1131 1507 eulpa
1154 1431 1187 1489 in

133 1517 234 1595 priore
255 1530 320 1575 mea
340 1512 476 1573 Editione
496 1521 614 1573 exstent
637 1520 733 1573 errato
754 1512 906 1590 permulta.
949 1512 1010 1573 Sed
1028 1520 1132 1588 restat,
1151 1522 1188 1573 ut

133 1600 171 1661 de
195 1596 421 1675 orthographia,
444 1613 529 1675 quam
556 1604 679 1669 vocent,
709 1612 804 1672 puues
826 1596 973 1671 attingam.
1017 1594 1112 1668 Quum
1132 1614 1184 1657 en·
1212 1644 1214 1655 .

134 1692 184 1745 tea
206 1684 235 1743 in
256 1697 321 1741 mee
352 1678 418 1739 libri
443 1680 483 1739 de
512 1695 605 1756 equae
634 1677 768 1740 ductibus
793 1678 931 1757 exemplo
951 1678 1087 1757 rulgstae
1109 1680 1183 1739 scri-

133 1767 223 1829 bendi
244 1766 347 1825 rationi
366 1762 497 1823 addictus
518 1762 638 1837 fuerim,
660 1779 736 1821 nunc
757 1761 851 1823 libros
871 1779 956 1823 manu
977 1764 1105 1841 scriptos
1127 1764 1182 1823 ite·

133 1868 196 1913 rum
223 1854 386 1921 scrutatus,
414 1853 582 1905 constanter
609 1846 716 1923 scripsi
737 1865 808 1909 cum
828 1847 899 1925 (pro
924 1848 1050 1926 quum),
1071 1864 1182 1922 eausa,

133 1935 236 2009 sulio,
267 1938 412 2009 quattuor
440 1929 645 2008 (quudtuor),
666 1929 820 2007 traicere,
845 1930 1005 2005 subicere,
1028 1932 1181 2009 quotiens,

134 2016 206 2091 elia,
228 2022 348 2075 secutus
374 2014 603 2091 antiquissimum
631 2022 662 2073 et
686 2014 964 2091 praestantissimum
980 2013 1059 2089 cod.
1083 2011 1180 2073 Cassi·

133 2116 271 2174 nemen,
300 2096 347 2159 eui
374 2096 546 2175 plerumque
571 2096 771 2159 adsentiuntur
798 2096 922 2157 Urbinas
947 2104 979 2157 et
1004 2096 1179 2167 Vaticanum

134 2183 288 2261 eidemque
317 2180 421 2240 rationi
446 2181 475 2241 iu
498 2182 765 2257 strategematibus
793 2179 877 2240 libris
904 2197 959 2240 uos
986 2180 1179 2257 adiunximus,

133 2267 202 2347 quia
229 2267 315 2327 etiem
342 2266 372 2324 in
398 2281 499 2325 eorum
526 2264 680 2325 codicibus
706 2281 765 2322 non
786 2263 872 2324 aliter
896 2282 930 2323 se
952 2263 1084 2341 pluribus
1103 2264 1179 2325 locis

133 2360 282 2413 exaratum
309 2347 540 2427 deprehendisse
564 2355 687 2407 testatur
715 2344 950 2425 Oudendorpius.
994 2346 1051 2408 Ubi
1074 2347 1179 2426 scripsi

132 2436 296 2507 adnotare,
317 2432 493 2509 adplicare,
507 2430 672 2508 obponere,
689 2431 865 2506 miceam,
886 2432 1032 2507 inlicitus,
1052 2434 1178 2510 inrepa-

132 2527 191 2591 tus‚
215 2520 243 2577 in
265 2517 310 2577 his
332 2530 450 2592 quoque
474 2513 597 2591 aliisque
617 2512 757 2573 similibus
781 2512 1001 2590 diligentissime
1023 2533 1105 2575 meos
1126 2532 1177 2575 co·

131 2600 213 2661 dices
235 2607 352 2659 secutus
381 2616 459 2673 sum,
490 2596 673 2674 eundemque
699 2597 841 2659 rationem
866 2598 952 2658 etiam
978 2599 1006 2657 in
1028 2600 1177 2675 stratege

131 2684 256 2745 muticcn
286 2681 386 2757 libris,
420 2679 629 2758 Oudendorpio
664 2690 801 2755 auctore,
840 2680 1012 2760 plerumque
1049 2683 1176 2749 retinere

130 2783 189 2829 nou
211 2764 352 2829 dubitavi:
378 2765 463 2825 iniis
485 2764 628 2841 denique,
657 2763 761 2841 quibus
789 2764 905 2826 nimium
931 2765 1085 2843 indulgere
1108 2765 1175 2825 mihi

91 2896 95 2903 .
129 2849 283 2913 ridebatur
318 2848 561 2927 Oudendorpius‚
593 2850 729 2927 quonism
761 2847 826 2909 eius
852 2849 973 2911 codices
1006 2849 1175 2928 inspiciendi

131 2937 217 3015 copie
244 2932 311 2995 mihi
341 2949 400 2993 non
433 2931 503 3010 luit,
540 2933 605 3011 ipse
636 2939 666 2991 et
692 2932 792 2993 iudicii
818 2932 981 3011 perieulum
1002 2933 1174 3012 culpamque

131 3027 272 3097 praestet.

210 3171 413 3244 Embricee,
428 3186 525 3227 mense
540 3171 632 3243 Aprili
646 3187 672 3229 a.
685 3178 861 3230 MDcchV.

896 3330 929 3399 h
948 3332 1092 3399 beterici.
