2475 3909
228 220 571 273 crannuouunrroou
587 222 658 272 nm.
677 222 715 272 11.
739 221 817 272 one.
830 224 862 271 v.
875 223 924 272 vu
1057 212 1098 273 49

50 378 141 438 citum
174 384 204 437 et
233 376 333 456 plures
362 394 454 437 naves
483 366 624 455 haberet,
652 386 740 438 nocte
770 377 915 458 expositis
942 378 1101 440 interram

50 460 229 541 quibusdam
250 461 371 521 militum
390 478 525 539 suorum,
548 471 633 541 parte
653 480 771 542 quoque
790 464 904 523 navium
925 471 994 543 post
1012 480 1100 543 quae·

50 547 119 607 dam
141 547 342 624 promontoria
370 546 531 622 occultata,
562 548 629 625 ipsc
656 564 722 606 cum
747 548 849 627 paucis
869 547 1039 626 proiectus,
1062 550 1103 608 ita

50 640 80 689 nt
100 638 272 708 contemptu
288 630 332 687 sui
347 628 461 691 hostem
478 632 630 707 invitaret,
647 633 780 691 eumdem
796 632 998 711 insequentem
1016 631 1101 708 fugit,

50 714 151 774 donec
171 715 200 773 in
221 722 410 793 praeparatas
433 715 552 776 insidias
574 715 767 794 perduceret:
791 734 927 776 aversum
950 716 1055 776 deinde
1072 725 1103 777 et

50 798 257 875 egredientem
279 800 309 857 in
325 805 432 859 terram
450 817 505 877 per
524 816 595 877 eos,
617 816 693 879 quos
713 799 749 861 ad
765 799 823 860 hoc
839 801 935 880 ipsum
953 816 1102 880 exposue-

51 892 98 943 rat
141 882 260 942 cesidii.

108 928 116 959 ⁷
139 966 192 1025 45.
236 964 332 1043 ldem,
351 968 446 1029 navali
466 966 582 1047 proelio
599 966 819 1044 decertatums,
842 968 990 1028 constituit
1007 970 1101 1029 malos

52 1048 227 1129 quosdam·
219 1069 248 1108 ιιι
270 1011 486 1151 promontorio,
509 1052 720 1129 praecepitque
735 1051 780 1112 his
801 1070 875 1132 quos
896 1052 936 1112 ibi
954 1051 1101 1132 relinque·

52 1136 121 1209 bat,
141 1144 190 1211 ut,
210 1152 274 1195 cum
292 1138 476 1195 commissum
492 1134 635 1214 proelium
649 1137 828 1213 sensissent,
841 1138 1003 1236 panderent
1016 1137 1100 1199 vela:

53 1235 114 1299 quo
137 1218 217 1279 iacto
240 1229 416 1279 consecutus
441 1228 502 1294 cst,
521 1226 553 1277 nt
574 1218 696 1295 hostes,
719 1219 807 1280 aliam
825 1221 981 1282 classem
972 1239 1002 1280 ιιι
1020 1223 1101 1282 auxi-

51 1305 125 1364 lium
147 1304 338 1381 supervenire
358 1305 389 1363 ei
407 1304 553 1379 arbitrati,
575 1311 770 1362 verterentur.

144 1388 195 1447 46.
236 1386 371 1447 Memnon
392 1386 522 1447 Rhodius
544 1386 640 1445 navali
659 1386 793 1465 proelio,
819 1403 883 1445 cnm
905 1386 1028 1447 haberet
1051 1389 1102 1447 du·
1173 1411 1197 1454 ·,

52 1478 207 1532 cantarum
228 1474 341 1541 navium
363 1471 489 1532 classem
512 1480 543 1531 et
566 1470 693 1530 hostium
716 1487 806 1529 naves
826 1469 937 1530 elicere
959 1469 995 1530 ad
1013 1488 1101 1550 proe-

53 1555 256 1632 lium·vellet,
283 1558 322 1615 ita
354 1556 497 1617 ordinavit
524 1572 612 1631 suos,
641 1562 672 1615 ut
694 1572 851 1634 paucarum
876 1556 990 1615 narium
1009 1556 1102 1616 malos
1185 1574 1194 1591 ·

18 1696 19 1701 ,
54 1641 223 1717 erigerent,
254 1658 364 1719 easque
392 1642 499 1718 primas
518 1640 565 1717 agi
587 1638 679 1699 iubet
721 1636 830 1698 Hostes
853 1639 956 1719 procul
986 1641 1102 1719 conspi-

55 1726 113 1783 cati
135 1742 285 1783 numerum
308 1724 443 1783 arborum
460 1734 489 1783 et
508 1742 545 1783 ex
564 1740 601 1782 eo
616 1724 729 1782 navium
749 1740 867 1803 quoque
890 1725 1102 1801 coniectantes,

55 1806 224 1867 obtulerunt
247 1826 280 1867 se
302 1810 469 1885 certamini,
493 1807 546 1868 sed
564 1824 581 1867 a
602 1807 734 1886 pluribus
754 1810 892 1907 occupati
913 1811 1104 1888 superatique

57 1900 133 1951 snut.

141 1977 193 2036 47.
237 1974 406 2036 Timotheus
434 1975 492 2036 dux
521 1974 760 2051 Atheniensium,
780 1976 929 2047 ,adversus
954 1977 1103 2040 Lacedae·

54 2060 171 2141 monioq
193 2059 291 2121 navali
310 2062 374 2121 acie
396 2060 615 2135 decertaturus,
640 2077 704 2119 cum
721 2062 860 2120 instructa
877 2061 981 2121 classis
1001 2081 1103 2123 eorum

55 2144 93 2205 ad
120 2144 307 2245 pugpandum
334 2146 550 2223 processisset,
579 2162 618 2203 ex
645 2142 839 2202 velocissimis
859 2144 980 2204 navibus
1002 2149 1104 2223 viginti

57 2230 223 2307 praemisit,
252 2246 327 2308 quae
357 2230 432 2287 omni
456 2238 519 2288 arte
538 2228 680 2305 varioque
700 2226 779 2287 llexu
800 2226 953 2286 eluderent
977 2227 1102 2288 hostem

55 2312 94 2373 Ut
116 2314 240 2392 primurn
255 2311 362 2374 deinde
380 2314 471 2372 sensit
487 2314 580 2373 minus
601 2312 717 2389 agiliter
732 2313 844 2397 mopcri
864 2311 1017 2372 adversam
1039 2330 1103 2390 par·

54 2407 131 2474 tem,
154 2410 333 2476 progressus
357 2398 557 2477 praelassatos
579 2396 668 2457 iacile
690 2372 849 2475 superbuit.

466 2564 614 2627 CAPUT
644 2565 700 2625 Vl.

98 2696 147 2742 DE
176 2694 384 2745 EMITTENDO
407 2696 538 2762 HOSTE,
566 2696 612 2743 NE
634 2695 786 2743 CLAUSUS
808 2696 989 2747 Plaustrum
1014 2700 1062 2747 EX

302 2780 571 2829 DESPERATIONE
598 2778 860 2828 amoliendum.

144 2902 175 2961 1.
221 2897 321 2960 Gallos
351 2918 387 2960 eo
410 2902 543 2980 proelio,
566 2897 645 2978 quod
665 2894 777 2957 Camilli
801 2896 888 2957 ductu
910 2908 1026 2975 gestum
1048 2910 1104 2975 est,

56 2984 263 3045 desiderantes
286 2986 402 3062 navigia
426 2986 529 3063 quibus
552 2982 679 3042 Tiberim
701 2982 872 3057 transirent,
897 2991 1014 3042 senatus
1038 3002 1106 3042 cen·

55 3070 114 3127 suit
145 3067 380 3128 transvehendus
416 3078 445 3128 et
481 3067 688 3128 commeatibus
721 3083 838 3145 quoque
871 3067 1105 3145 prosequendos.

53 3150 198 3211 Eiusdem
226 3154 346 3228 generis
378 3152 540 3212 hominibus
575 3159 679 3229 postea
708 3169 762 3229 per
792 3150 973 3229 Pomptinum
1007 3169 1107 3229 agrum

52 3235 239 3313 fngientibus
261 3238 307 3295 via
329 3237 396 3296 data
419 3246 483 3312 cst,
507 3254 581 3313 quae
605 3234 718 3295 Gallica
740 3234 914 3313 adpellatur.

142 3318 175 3379 2.
220 3318 252 3381 L.
275 3318 402 3380 Marcius
423 3338 515 3398 eques
532 3320 697 3394 Romanus,
721 3320 767 3377 cui
786 3316 899 3378 duobus
920 3318 1107 3399 Scipionibus

51 3402 169 3462 occisis
197 3406 345 3464 exercitus
373 3405 525 3483 imperium
552 3402 673 3475 detulit,
703 3420 767 3462 cnm
797 3404 984 3464 circumventi
1014 3404 1106 3464 abeo

48 3486 164 3563 Poeni,
188 3504 225 3547 ne
248 3485 330 3547 inulti
354 3495 552 3563 morerentur,
577 3486 673 3547 acrius
692 3495 872 3566 pugnarent,
896 3487 1001 3548 laxatis
1019 3490 1107 3546 mani-

102 3590 366 3633 reomaensis.
425 3622 427 3627 .
880 3590 900 3645 4
