2475 3909
136 212 174 277 12
470 228 545 277 ssx.
566 228 656 277 1u1n1
676 227 846 278 rnournu

133 384 297 463 positurus;
322 400 357 443 ac
372 384 526 462 praecepit
548 386 624 459 suis,
640 402 677 443 ne
693 387 824 444 sarcinas
842 384 994 443 solverent
1017 391 1065 441 aut
1086 398 1178 441 ouera

134 469 336 547 deponerent,
365 485 402 527 ne
430 470 495 547 quis
525 468 561 528 ab
591 469 742 529 ordinibus
771 471 920 546 signisque
942 465 1125 533 discederet;
1149 473 1179 523 et

135 568 193 630 quo
213 553 305 627 magis
327 555 547 630 persuasionem
567 553 693 613 bostium
714 553 915 627 coudrmaret,
939 568 1031 629 pauca
1043 550 1177 610 taberna·

136 636 201 696 cula
223 636 252 693 in
275 646 436 714 conspectu
458 639 532 713 erigi
555 637 639 695 iussit
657 638 802 715 ignesque
821 637 886 695 lieri
908 644 939 694 et
958 634 1098 712 quosdam
1113 631 1176 691 ral-

136 720 194 779 lum
206 726 336 793 struere,
351 720 493 797 quosdam
507 723 534 778 in
548 720 750 796 lignationem,
767 729 797 778 ut
809 722 1061 797 conspicerentur,
1078 719 1177 777 exire:
1228 729 1229 762 1

136 802 214 881 quod
236 801 343 861 Cimbri
364 820 436 863 vere
459 804 507 878 agi
530 803 729 861 existimantes
750 812 780 861 et
798 804 856 881 ipsi
877 805 981 862 castris
1003 802 1179 879 delegerunt
1228 797 1229 872 j

135 886 246 953 locum;
276 886 459 963 dispersique
487 887 516 943 in
542 888 693 963 proximos
721 902 810 962 agros
839 886 875 945 ad
906 887 1101 965 comparanda
1131 900 1178 957 ea,
1228 927 1229 934 κ

134 985 210 1047 quae
231 969 372 1027 mansuris
390 970 558 1029 necessaria
584 978 664 1045 sunt,
698 970 886 1028 occasionem
907 970 1051 1029 dederunt
1073 966 1179 1029 Catulo

134 1069 193 1111 nou
221 1052 314 1111 solum
343 1052 449 1111 ilumen
483 1052 650 1128 traiciendi,
678 1052 731 1111 sed
759 1054 845 1113 etiam
873 1061 970 1111 castra
1000 1069 1101 1114 eorum
1134 1052 1178 1109 in·
1228 1121 1229 1136 ,

134 1134 271 1195 lestandi.
1228 1155 1229 1160 ¹

219 1218 249 1277 4.
274 1216 421 1293 Croesus,
443 1236 507 1278 cum
527 1219 621 1293 Halyn
640 1218 717 1278 vado
734 1220 858 1279 transire
877 1234 936 1276 non
954 1227 1059 1296 posset
1079 1234 1183 1295 neque
1228 1171 1229 1266 l

135 1302 248 1361 navium
271 1311 319 1361 aut
344 1304 442 1380 pontis
467 1303 593 1363 lactendi
622 1305 736 1380 copiam
757 1301 896 1377 baberet,
910 1302 1007 1361 iussa
1028 1302 1184 1379 superiori

136 1402 153 1445 e
175 1395 259 1463 parte
281 1387 354 1465 post'
368 1396 464 1447 castra
486 1387 626 1463 deducta,
642 1387 757 1448 alveum
776 1386 899 1445 llumiuis
917 1402 933 1443 a
953 1395 1039 1463 tergo
1062 1386 1181 1443 exerci·
1228 1385 1229 1460 l

136 1479 182 1529 tus
204 1471 248 1531 sui
270 1469 406 1530 reddidit.
1228 1465 1229 1548 l

221 1555 249 1613 5.
271 1552 324 1613 Cn.
346 1554 502 1632 Pompeius
516 1554 676 1629 Brundisii,
697 1570 760 1613 cum
775 1554 924 1612 excedere
941 1551 1023 1611 ltalia
1041 1560 1071 1611 et
1084 1559 1179 1609 trans·
1228 1553 1229 1596 1

135 1638 214 1697 ferre
237 1638 346 1697 bellum
369 1639 588 1715 proposuisset,
611 1639 735 1695 instante
750 1654 766 1694 a
780 1645 867 1712 tergo
886 1634 1016 1695 Caesare
1036 1652 1179 1695 conscen·
1228 1637 1229 1716 J

136 1738 220 1780 surus
245 1722 386 1795 classem,
410 1720 548 1799 quasdam
571 1720 716 1779 obstruxit
730 1719 811 1793 vias,
827 1720 900 1778 alias
915 1719 1075 1797 parietibus
1089 1720 1178 1777 iuter·
1228 1725 1229 1766 ἒ

137 1808 244 1881 sepsit,
268 1806 341 1863 alias
362 1804 508 1862 intercidit
522 1804 611 1863 fossis
634 1820 746 1881 easque
768 1803 888 1862 sudibus
911 1805 1019 1861 erectis
1041 1801 1178 1881 praeclu-

136 1904 184 1945 sas
205 1886 319 1965 operuit
344 1886 487 1958 cratibus,
508 1886 594 1946 bumo
614 1887 753 1963 adgestu
773 1888 913 1963 quosdam
935 1886 1045 1962 aditus,
1069 1888 1119 1964 qni
1141 1885 1178 1945 ad

135 1980 249 2047 portum
271 1969 422 2045 ferebant,
442 1969 572 2029 trabibus
591 1972 769 2030 transmissis
799 1972 879 2029 etin
901 1972 1022 2030 densum
1047 1970 1178 2029 ordinem

135 2056 271 2129 structis,
295 2055 405 2131 ingenti
432 2054 510 2113 mole
535 2063 653 2115 tutatus.
698 2054 811 2127 Quibus
833 2056 1031 2133 perpetratis,
1050 2053 1087 2113 ad
1108 2070 1178 2131 spe·

133 2140 207 2198 ciem
228 2138 403 2198 retinendae
423 2137 502 2198 urbis
517 2156 601 2199 raros
620 2156 675 2217 pro
696 2138 849 2197 moenibus
865 2139 1030 2216 sagittarios
1048 2137 1177 2215 reliquit,

135 2233 251 2283 ceteras
289 2224 390 2303 copias
419 2224 481 2281 sine
508 2223 629 2281 tumultu
658 2223 694 2281 ad
719 2239 809 2281 nares
835 2223 968 2282 deduxit:
995 2222 1179 2299 navigantem

138 2326 202 2368 eum
223 2326 295 2368 mox
315 2307 456 2385 sagittarii
476 2323 593 2385 quoque
618 2324 672 2385 per
696 2307 800 2365 itinera
826 2316 896 2366 uota
922 2307 1048 2383 digressi
1078 2306 1179 2383 parvis

135 2394 259 2469 navigiis
281 2392 433 2451 consecuti
452 2398 527 2449 sunt.

220 2475 249 2531 6.
273 2472 307 2533 C.
319 2472 431 2533 Duilius
448 2472 549 2531 consul
562 2473 591 2531 in
604 2482 691 2549 portu
707 2473 890 2550 Segestano,
908 2491 994 2551 quem
1006 2481 1119 2532 temere
1137 2474 1177 2530 in·

133 2564 279 2631 araverat,
303 2554 418 2615 obiecta
442 2556 477 2615 ad
496 2558 660 2633 ingressum
687 2567 790 2617 catena
813 2557 947 2630 clausus,
971 2558 1128 2617 universos
1150 2559 1178 2616 in

136 2640 255 2717 puppim
276 2639 374 2699 retulit
395 2638 501 2698 milites
530 2650 617 2720 atque
646 2643 685 2700 ita
714 2642 850 2719 resupina
871 2642 986 2717 navigia
1005 2658 1109 2717 magna
1130 2660 1177 2700 re·

136 2724 300 2799 migantium
321 2724 351 2782 ri
374 2725 539 2784 concitavit.
580 2724 707 2785 Levatae
725 2742 832 2803 prorae
849 2742 939 2802 super
961 2735 1094 2784 catenam
1108 2742 1176 2803 pro·

137 2816 303 2866 cesserunt:
328 2823 386 2885 qua
407 2816 491 2885 perte
515 2818 651 2888 superata
672 2810 849 2885 transgressi
877 2826 963 2868 cursu
982 2809 1089 2869 milites
1109 2824 1175 2887 pro·

135 2909 184 2951 ras
201 2899 392 2969 presserunt,
416 2893 443 2950 in
466 2908 538 2971 quas
559 2910 677 2953 versum
693 2893 807 2972 pondus
819 2890 975 2952 decursum
994 2911 1084 2971 super
1098 2901 1177 2952 cate·

135 2994 199 3035 nam
221 2975 301 3035 dedit
320 2975 451 3036 navibus.
1029 2979 1031 2983 '

222 3063 250 3123 7.
269 3060 418 3136 Lysander
439 3059 703 3134 Lacedaemonius,
726 3078 791 3119 cum
809 3062 839 3120 iu
859 3070 946 3139 porto
959 3060 1178 3119 Atheniensium

137 3162 200 3204 cum
223 3154 284 3203 tota
309 3146 405 3205 classe
426 3143 628 3217 obsideretur,
660 3143 772 3202 obrutis
792 3145 917 3205 hostium
940 3144 1062 3204 naribus
1080 3143 1118 3203 ab
1141 3162 1175 3203 ea

135 3236 237 3303 parte,
260 3244 316 3303 qua
334 3228 466 3287 faucibus
496 3228 707 3303 angustissimis
732 3227 824 3288 induit
851 3246 947 3303 mare,
976 3227 1085 3288 milites
1106 3244 1178 3286 suos

138 3307 212 3365 clam
230 3310 258 3365 in
282 3310 349 3368 litus
371 3312 473 3387 egredi
497 3312 579 3369 iussit
608 3320 638 3369 ct
662 3311 802 3371 subiectis
817 3315 892 3372 rotis
912 3327 1004 3372 naves
1022 3312 1059 3371 ad
1078 3314 1176 3390 proxi·

137 3406 212 3447 mum
235 3398 350 3467 portum
371 3391 553 3467 Munychiam
572 3396 696 3454 traiecit.

222 3470 252 3531 8.
271 3468 427 3533 Hirtuleius
445 3475 560 3552 legatus
579 3479 717 3554 Sertorii,
737 3496 803 3538 cum
819 3478 849 3538 iu
859 3478 997 3557 Hispania
1015 3480 1092 3538 inter
1103 3479 1178 3538 duos
