2475 3909
139 206 179 267 22
472 218 548 268 anx.
571 219 660 268 runn
680 218 850 269 sacramur

139 376 238 454 primis
254 374 404 436 ordinibus
419 386 448 437 et
464 374 699 450 centurionibus,
721 384 857 454 quantum
874 376 998 453 quisque
1014 384 1186 435 numeratae

138 459 280 538 pecuniae
305 470 353 520 aot
374 463 436 541 auri
458 462 631 539 argentique
653 459 793 535 haberet,
820 459 987 534 conterret,
1010 468 1042 518 ut
1062 476 1185 537 reprae-

47 552 54 569 ·
137 544 246 603 sentari
268 560 383 603 meroes
405 546 602 624 proditoribus
622 553 742 622 possen
773 562 806 603 se
828 552 924 603 autem
944 543 1006 616 bis,
1037 544 1088 621 (pri
1116 560 1185 602 con·

137 627 289 706 tulissent,
318 629 467 706 pollicitus
497 639 542 689 est
572 636 768 688 consummata
792 628 915 688 victoria
941 626 1038 704 ampla
1063 628 1185 705 insuper

138 713 268 790 praemia
297 712 437 773 daturum.
483 713 566 788 Quae
590 714 633 772 soi
660 714 814 790 persuasio
837 711 975 771 Romanis
1001 711 1184 771 alacritatem

138 794 239 855 adtulit
261 805 290 855 et
312 795 460 857 fiduciam:
483 798 559 857 unde
579 796 666 856 etiam
687 797 840 874 praeclara
861 796 1003 870 victoria,
1025 797 1183 855 commisso

137 878 232 937 statim
249 878 347 956 bello,
370 890 482 959 patrata
501 890 557 940 est.

222 962 250 1023 3.
296 959 330 1021 (l.
345 961 466 1041 Caesar,
491 964 632 1025 adversus
647 964 807 1025 Germanos
825 972 855 1023 et
868 963 1049 1023 Ariovistum
1071 983 1182 1041 pugna-

137 1055 233 1121 turus,
257 1047 386 1107 coniosis
409 1066 525 1109 suorum
548 1050 649 1109 animis
668 1064 723 1125 pro
742 1050 885 1108 counione
906 1048 994 1119 dixit,
1013 1047 1125 1107 nullius
1151 1068 1182 1107 se

137 1146 175 1189 eo
193 1130 240 1189 die
252 1147 344 1208 opera
360 1134 415 1192 nisi
426 1131 557 1193 decimae
573 1133 700 1210 legionis
711 1151 844 1191 usurum:
867 1149 925 1210 quo
935 1143 1115 1191 consecutus
1127 1144 1182 1206 est,

137 1224 167 1273 ut
186 1214 328 1275 decimani
348 1226 490 1295 tamquam
510 1218 688 1296 praecipuae
710 1216 886 1276 fortitudinis
908 1216 1073 1275 testimonio
1090 1218 1182 1275 enite-

137 1306 256 1374 rentur,
284 1309 313 1359 et
329 1303 421 1360 ceteri
440 1300 570 1380 pudore,
593 1318 630 1361 ne
647 1318 740 1379 penes
760 1302 835 1360 alios
846 1300 942 1377 gloria
960 1300 1073 1358 virtutis
1089 1309 1182 1360 esset.

138 1418 141 1424 ι
177 1448 181 1456 ,
221 1384 251 1443 4.
297 1383 333 1458 Q.
358 1384 482 1462 Fabius,
510 1385 560 1465 qui
583 1386 707 1463 egregie
733 1384 864 1459 sciebat,
895 1392 926 1442 et
947 1382 1096 1443 Romanos
1119 1386 1181 1443 eins

140 1486 208 1527 esse
231 1466 392 1545 libertatis,
417 1488 492 1549 quae
516 1470 691 1529 contumelia
719 1476 961 1545 exasperaretur,
981 1476 1010 1526 et
1035 1486 1053 1527 a
1075 1468 1181 1528 Poenis

136 1550 206 1609 nibil
222 1551 323 1613 iustum
339 1563 387 1613 aut
408 1553 588 1614 moderatum
607 1552 815 1633 exspectabat,
836 1552 912 1610 misit
928 1551 1044 1628 legatos
1060 1549 1180 1612 Cartba-

136 1637 231 1712 ginem
255 1635 292 1695 de
315 1636 529 1698 conditionibus
552 1639 651 1715 pacis:
674 1654 746 1715 quas
769 1654 834 1695 cum
856 1635 898 1694 illi
920 1636 1079 1713 iniquitatis
1096 1647 1125 1696 et
1142 1639 1180 1694 in·

136 1719 279 1780 scientiae
296 1720 398 1798 plenas
416 1722 602 1797 retulissent,
626 1722 775 1781 exercitos
792 1719 987 1780 Romanorum
1000 1720 1036 1779 ad
1051 1738 1180 1799 pugnan-

137 1804 204 1865 dum
227 1806 388 1864 concitatus
413 1816 467 1866 est.

222 1889 250 1949 5.
295 1888 451 1966 Agesilaus
467 1889 763 1950 Lacedaemoniorum
781 1889 855 1963 dun,
879 1906 943 1947 cum
961 1902 1055 1965 prope
1072 1886 1109 1946 ab
1128 1886 1180 1946 Or·

136 1971 278 2031 clromeno
301 1974 382 2034 socia
406 1975 521 2034 civitate
545 1983 641 2034 castra
662 1972 785 2033 baberet
816 1974 1087 2051 comperissetque,
1117 1971 1179 2049 ple-

135 2073 244 2133 rosque
267 2076 305 2117 ex
327 2057 465 2118 militibus
481 2059 692 2137 pretiosissima
714 2075 811 2116 rerum
827 2057 978 2135 deponere
997 2057 1072 2115 intra
1091 2058 1180 2115 mnni-

135 2148 247 2215 menta,
271 2144 423 2221 praecepit
441 2143 612 2222 oppidanis,
634 2142 757 2219 nequid
776 2141 813 2199 ad
836 2142 997 2200 exercitum
1015 2158 1099 2199 snum
1113 2157 1180 2219 per-

135 2225 229 2284 tinens
250 2228 445 2305 reciperetur,
470 2244 527 2305 quo
550 2225 698 2287 ardentius
720 2224 870 2285 dimicaret
890 2224 994 2300 miles,
1018 2225 1068 2303 qui
1089 2229 1181 2285 sciret

135 2308 190 2367 sibi
212 2327 266 2387 pro
291 2311 422 2371 omnibus
442 2314 502 2369 suis
524 2309 717 2387 pugnandum.

137 2418 140 2429 ·
220 2393 249 2452 (i.
295 2392 510 2471 Epaminondas
537 2393 595 2452 dux
617 2392 840 2469 Thebanorum,
869 2392 1010 2453 adversus
1032 2390 1180 2451 Lacedae·

134 2478 248 2534 monins
270 2476 472 2551 dimicaturus,
493 2485 523 2537 ut
546 2494 603 2535 non
626 2477 720 2536 solum
735 2477 844 2536 viribus
867 2477 972 2536 milites
996 2476 1056 2551 sui,
1079 2494 1181 2535 verum

135 2561 221 2617 etiarn
245 2558 410 2619 adfectibus
432 2561 654 2637 adiuvarentur,
679 2562 874 2639 pronuntiavit
896 2562 925 2619 in
941 2560 1104 2636 concione,
1129 2560 1181 2619 de·

135 2642 269 2701 stinatum
293 2642 548 2719 Lacedaemoniis,
569 2646 594 2705 si
615 2646 739 2705 victoria
760 2647 938 2723 potirentur,
963 2662 1064 2703 omnes
1088 2644 1181 2704 virilis

135 2743 224 2785 sexus
247 2726 430 2801 interlicere,
459 2729 599 2788 uxoribus
623 2737 718 2789 autem
739 2746 840 2788 eorum
861 2737 891 2787 et
913 2728 1014 2789 liberis
1036 2730 1065 2786 in
1087 2729 1181 2787 serri-

134 2816 222 2869 tutem
252 2810 383 2871 abductis
406 2810 522 2872 Thebas
552 2814 684 2874 diruere:
714 2831 770 2891 qna
796 2813 1012 2873 denuntiatione
1041 2813 1181 2872 concitati

133 2894 228 2973 primo
247 2898 356 2974 impetn
376 2896 505 2957 'lbebani
526 2896 775 2958 Lacedaemonios
799 2905 1049 2975 expugnaverunt.

221 2984 250 3041 7.
293 2980 488 3056 Leotychidas
506 2981 564 3041 dux
585 2982 898 3056 Lacedaemoniorum,
927 2989 1106 3059 pugnaturus
1131 2997 1181 3040 eo-

133 3064 198 3123 dem
227 3065 274 3125 die
297 3064 410 3140 classe,
437 3082 494 3144 quo
523 3073 602 3125 terra
624 3067 756 3124 vicerant
785 3065 877 3141 socii,
907 3066 1039 3143 quamvis
1060 3065 1182 3141 ignarus

136 3156 221 3206 actae
243 3150 298 3223 rei,
315 3149 446 3225 vulgavit
464 3150 619 3207 nuntiatam
634 3149 691 3208 sibi
706 3151 857 3208 victoriam
877 3151 1011 3227 partium,
1033 3165 1093 3227 quo
1110 3166 1181 3209 con·

135 3232 291 3300 stantiores
314 3232 349 3291 ad
374 3249 499 3309 pugnarn
520 3232 627 3291 milites
648 3232 779 3294 baberet.

222 3312 251 3372 8.
280 3311 315 3370 A.
330 3313 494 3374 Postumius
509 3316 636 3393 proelio,
652 3335 710 3395 quo
725 3334 789 3375 curn
804 3315 910 3374 Latinis
925 3315 1067 3390 conflixit,
1081 3314 1183 3374 oblata

135 3396 238 3471 specie
259 3394 378 3455 duorum
399 3399 427 3455 in
448 3400 531 3475 equis
547 3401 698 3476 iuvenum,
718 3401 830 3458 animos
846 3416 963 3458 suorum
980 3400 1093 3473 erexit,
1114 3398 1183 3458 Pol-

136 3477 231 3537 lucem
256 3486 284 3537 et
308 3476 459 3539 Castorem
482 3480 587 3542 adesse
611 3483 730 3560 dicens,
754 3500 790 3543 oc
811 3483 855 3542 sie
877 3482 1022 3561 proelium
1041 3484 1182 3543 restituit.
