2475 3909
122 213 164 278 86
457 225 534 276 anx.
555 225 644 276 rom
664 223 836 278 enormen

120 381 362 527 plmfplliss‘imarum
383 397 482 442 rernm
497 381 777 444 administrationem
798 382 827 442 in
848 383 971 444 mariam
992 391 1170 462 paupertate

142 484 160 527 e
193 484 231 527 nc
244 485 264 525 ι.

208 569 239 628 6.
289 563 504 645 Epaminondas
531 563 590 624 dux
619 564 823 626 Thebanorum
851 575 950 627 tantae
976 564 1171 626 abstinentiae

121 651 193 726 init,
216 659 246 710 ut
266 650 296 709 in
318 647 518 727 suppellectili
533 649 597 708 eius
616 657 736 728 praeter
754 657 883 710 stoream
906 659 935 710 et
953 667 1079 711 aeneum
1100 667 1171 708 veru

122 733 193 794 nihil
212 733 401 793 inveniretur.

209 835 238 892 7.
281 828 442 907 Hannibal,
471 846 595 908 surgere
624 827 661 890 de
691 840 778 891 noete
808 832 928 909 solitus,
954 840 1022 892 ante
1051 839 1171 890 noctem

122 932 181 977 non
210 911 434 995 requiescebat;
464 913 642 991 crepusculo
670 911 782 974 demum
810 916 846 976 ad
880 933 1000 976 coenam
1028 912 1170 989 uocabat,

122 1015 219 1078 neque
243 997 367 1076 amplius
387 1015 473 1076 qnam
495 996 609 1057 dnobus
628 997 715 1058 lectis
738 999 974 1061 discumbebatur
996 997 1078 1077 apud
1098 1015 1169 1057 enm.

209 1097 238 1160 8.
284 1097 381 1174 ldem,
399 1115 464 1157 cnm
479 1095 533 1156 sub
547 1095 730 1158 Hasdrubale
744 1099 923 1180 imperatore
941 1098 1092 1172 militaret,
1109 1097 1170 1175 ple·

122 1199 244 1260 rumque
267 1199 357 1261 super
378 1180 483 1240 nudam
504 1178 620 1239 bumum
641 1181 746 1258 sagulo
764 1191 860 1245 tectus
879 1201 998 1244 somnos
1023 1181 1169 1261 capiebat.

208 1283 238 1346 9.
280 1280 473 1342 Aemilianum
491 1279 658 1360 Scipionem
686 1281 808 1344 traditur
835 1283 864 1343 in
886 1285 990 1346 itinere
1015 1299 1082 1342 eum
1104 1281 1169 1341 ami·

125 1367 168 1427 cis
187 1366 382 1428 ambulantem
403 1372 529 1442 accepto
552 1383 628 1444 pane
650 1367 732 1425 vesci
754 1366 882 1428 solitum.

212 1471 262 1530 10.
305 1465 386 1527 ldem
405 1473 437 1524 et
456 1463 493 1524 de
514 1462 684 1525 Alexandro
705 1465 867 1528 blacedone
889 1467 1001 1528 dicitur.

213 1571 264 1630 11.
303 1565 502 1641 Masinissam,
529 1567 746 1643 nonagesimum
769 1569 871 1629 aetatis
895 1583 997 1627 annum
1019 1576 1169 1644 agentern,

125 1669 247 1728 meridie
278 1676 345 1728 ante
374 1664 591 1725 tabernaculum
622 1674 745 1726 stantem
771 1667 820 1728 vel
841 1665 1035 1728 ambulantem
1059 1683 1170 1744 capere

124 1753 241 1812 solitum
265 1751 347 1811 cibos
368 1749 503 1824 legimus.

212 1850 261 1911 12.
304 1848 356 1909 ll’.
380 1845 500 1921 comos,
530 1865 594 1906 oum
616 1847 703 1907 vietis
727 1846 763 1909 ab
788 1867 825 1909 eo
854 1847 970 1910 Sabinis
991 1867 1031 1909 ex
1050 1856 1169 1909 senatus

123 1933 260 1994 consulto
289 1930 477 2009 ampliaretur
503 1931 530 1989 ei
553 1930 656 1990 modus
679 1931 760 2009 agri,
784 1950 870 2010 quem
886 1933 1078 1994 consummati
1097 1931 1166 1990 mili-

122 2027 170 2078 tes
197 2013 399 2094 accipiebant,
427 2015 592 2092 gregalium
615 2015 752 2093 portione
782 2024 935 2076 contentus
963 2017 1034 2091 luit,
1064 2015 1167 2076 malum

125 2101 219 2161 civem
241 2099 359 2175 dicens,
384 2098 429 2158 cui
449 2115 508 2158 non
527 2107 609 2158 essct
630 2099 706 2159 idem
728 2100 807 2179 quod
831 2102 940 2160 ceteris
962 2100 1042 2160 satis.

212 2197 261 2260 13.
305 2198 441 2260 Universi
457 2214 575 2278 qnoque
595 2199 743 2259 exercitus
758 2199 897 2260 notabilis
919 2218 1010 2279 saepe
1027 2198 1082 2258 init
1100 2215 1168 2258 con·

123 2284 259 2360 tinentia,
290 2284 375 2345 aienti
401 2284 482 2357 eius,
511 2283 560 2360 qui
590 2281 645 2344 sub
673 2281 713 2342 Μ.
736 2284 848 2344 Scauro
877 2286 991 2344 meruit.
1035 2279 1169 2359 Namque

123 2369 281 2428 memoriae
297 2366 412 2427 tradidit
429 2365 576 2439 Scaurus,
593 2365 764 2443 pomiferam
776 2368 929 2444 arborem,
950 2383 1034 2446 quam
1049 2366 1081 2424 in
1093 2363 1170 2443 pede

124 2460 288 2512 castrorum
302 2449 399 2509 iuerat
415 2445 570 2523 complexa
584 2449 720 2527 metatio,
736 2460 858 2530 postero
875 2452 922 2511 die
939 2451 1067 2512 abeunte
1082 2466 1170 2508 exer·

124 2537 183 2594 oitu
205 2532 321 2594 intactis
343 2527 486 2589 lructibus
506 2527 651 2591 relictam.

145 2693 148 2696 ,
212 2632 260 2690 14.
305 2629 453 2707 Auspiciis
480 2627 668 2706 Imperatoris
698 2631 835 2694 Caesaris
861 2633 1018 2694 Domitiani
1041 2631 1172 2709 Augusti

124 2714 290 2775 Germanici
318 2729 356 2772 eo
379 2711 478 2788 bello,
509 2712 586 2791 quod
614 2712 705 2776 lulius
726 2715 830 2778 Civilis
858 2717 887 2776 in
909 2717 1002 2778 Gallia
1022 2722 1171 2790 moverat,

123 2798 285 2877 Lingonum
307 2796 530 2876 opulentissima
553 2797 666 2874 civitas,
689 2817 764 2879 quae
784 2800 823 2861 ad
846 2798 969 2860 Civilem
987 2799 1171 2870 desciverat,

122 2901 188 2944 cnm
209 2880 383 2942 adveniente
404 2881 537 2940 exercitu
558 2878 696 2943 Caesaris
712 2884 932 2963 populationem
945 2885 1073 2957 timeret,
1090 2879 1173 2960 qnod

123 2975 225 3028 contra
247 2966 500 3045 exspectationem
521 2963 659 3026 inviolata
680 2967 751 3026 nibil
769 2985 808 3027 ax
828 2969 919 3028 rebus
942 2968 1001 3028 suis
1018 2966 1172 3038 amiserat,

122 3052 160 3114 ad
181 3051 354 3130 obsequium
380 3048 499 3108 redacta
525 3051 711 3127 septuaginta
740 3051 818 3112 milia
847 3061 1022 3113 armatorum
1049 3047 1174 3108 tradidit

122 3135 201 3198 mibi.

210 3235 259 3293 15.
302 3231 334 3293 b.
354 3232 522 3308 llnmmius,
554 3233 602 3310 qui
626 3231 767 3293 Corintho
796 3241 881 3312 capta
904 3248 961 3292 non
982 3228 1099 3290 ltaliam
1124 3245 1174 3288 so·

123 3313 182 3370 lum
207 3314 260 3372 sed
289 3317 376 3376 etiam
397 3316 563 3394 provincias
585 3315 692 3375 tabulis
713 3317 876 3394 statuisque
898 3314 1069 3387 exornavit,
1093 3313 1173 3372 adeo

124 3391 194 3449 nibil
214 3411 252 3451 ex
273 3397 360 3455 tantis
380 3398 522 3458 manubiis
543 3400 572 3457 in
598 3415 681 3456 suurn
700 3401 859 3475 convertit,
877 3407 909 3459 ot
930 3397 1017 3458 liliam
1040 3396 1107 3456 eius
1132 3397 1173 3454 iu·

126 3487 214 3547 opem
238 3483 355 3534 senatus
379 3496 417 3537 ex
438 3480 558 3557 publico
580 3479 734 3540 dotaverit.
