2475 3909
191 226 242 274 DE
263 224 383 287 Aoum
404 227 580 281 nucumve
601 231 705 283 uums
727 235 849 286 nom
871 239 987 290 LIBER.
1056 233 1115 293 115

46 397 218 441 mensurae
233 381 271 442 ad
292 391 382 461 caput
398 393 484 445 actae
501 387 647 465 alliciunt,
672 391 810 468 quinariis
824 404 998 455 dccccxcv.
1041 393 1115 458 liro·

47 465 151 543 gabat
177 473 248 544 post
272 468 415 544 piscinam
442 471 590 547 quinarias
618 487 801 535 uncooxu:
833 479 943 554 minus,
974 497 1059 557 quam
1086 483 1115 542 in

49 550 280 610 commentariis
296 553 631 631 conceptionis-modum
645 559 803 641 significari
814 560 955 638 diximus,
976 563 1114 641 quinariis

49 646 221 700 ccxxvm
247 634 357 710 miuus,
382 654 469 714 quam
492 657 531 699 ex
551 641 665 718 piscina
688 644 716 701 in
734 658 821 704 arcus
834 647 1030 724 recipiuntur,
1051 651 1113 726 qui·

49 719 150 779 uariis
175 730 273 778 rdcw.
318 720 434 780 Summa
460 731 601 804 utraque,
631 742 707 803 quae
738 728 934 789 intercidebat
961 739 1010 790 aut
1037 733 1113 792 iuter

51 809 152 880 caput
176 811 207 861 et
235 804 377 880 piscinam
399 814 449 865 aut
470 817 540 885 post
560 810 718 887 piscinam,
747 813 940 890 quinariarum
958 827 985 874 11
1003 816 1113 876 milium

52 898 249 946 ccccxclx:
279 904 369 964 quas,
398 890 475 950 sicut
501 893 532 951 iu
558 894 687 970 ceteris,
716 894 849 973 pluribus
878 897 954 958 locis
975 900 1112 978 intercipi

52 969 318 1049 deprehendimus.
362 971 428 1033 Nou
444 976 520 1034 enim
536 993 588 1037 eas
602 993 741 1055 cessare,
759 980 941 1042 manifestum
956 991 987 1043 et
1000 1001 1038 1043 ex
1052 983 1112 1044 lroc

53 1063 119 1130 est,
150 1055 230 1133 quod
258 1053 294 1114 ad
323 1066 410 1135 caput
434 1067 639 1137 praeteream
659 1079 839 1141 mensuram,
867 1083 952 1145 quam
975 1084 1110 1146 compre·

52 1137 199 1198 hendisse
218 1153 274 1197 uos
294 1143 459 1219 capacitate
478 1144 583 1204 ductus
597 1145 764 1224 posuimus,
784 1147 968 1210 effunduntur
985 1152 1108 1231 amplius

52 1235 122 1282 coc
146 1223 295 1300 quinariis.
692 1247 694 1254 >

147 1305 200 1366 68.
243 1306 375 1387 Tepulae
398 1309 428 1369 iu
450 1314 667 1372 commentariis
687 1312 851 1390 adscriptus
867 1323 913 1374 ast
927 1316 1031 1376 modus
1047 1320 1108 1395 qui·

51 1391 207 1449 uariarum
228 1403 322 1452 ccco.
366 1393 458 1455 lluiua
486 1413 581 1474 aquae
605 1395 703 1456 iontes
728 1394 798 1455 nulli
828 1405 910 1456 sunt:
940 1400 1023 1457 venis
1046 1402 1107 1478 qui·

52 1474 181 1534 busdam
209 1476 379 1553 constabat,
412 1496 489 1559 quae
515 1475 699 1559 interceptae
730 1488 796 1539 sunt
824 1480 853 1539 in
879 1479 961 1541 lulia.
1014 1479 1108 1563 Caput

53 1575 132 1636 ergo
156 1559 222 1618 eius
243 1560 460 1623 observandum
482 1571 528 1624 est
548 1582 566 1624 a
587 1565 701 1642 piscina
722 1561 829 1624 lullae:
853 1581 891 1624 ex
907 1581 943 1624 ea
958 1566 1032 1625 euim
1048 1569 1106 1645 pri·

52 1661 132 1702 mum
154 1645 264 1722 accipit
284 1647 431 1722 quinarias
446 1660 530 1714 cxc:
553 1648 659 1708 deinde
675 1649 770 1708 statim
785 1665 823 1707 ex
836 1647 946 1708 Marcia
962 1650 1108 1727 quinarias

53 1740 144 1796 xcn;
174 1737 333 1805 praeterea
354 1749 393 1790 ex
414 1731 531 1791 Anione
551 1730 638 1791 Novo
659 1733 696 1793 ad
717 1731 820 1792 hortos
841 1731 1107 1811 Epaphroditianos

53 1812 205 1890 quinarias
227 1824 347 1873 chxm.
392 1814 477 1876 Fiunt
491 1832 594 1875 omues
608 1817 757 1894 quinariae
774 1828 948 1884 ccccxnv;
971 1817 1106 1895 amplius,

52 1913 141 1974 quam
170 1898 198 1956 iu
228 1900 461 1976 commentariis,
491 1901 630 1978 quinariis
657 1913 745 1978 xm,
778 1903 907 1980 quaein
933 1902 1105 1979 erogatione

52 1989 238 2059 comparent.

140 2064 193 2124 oo.
239 2064 331 2124 luliue
347 2067 375 2125 in
388 2068 604 2127 commentariis
620 2067 785 2145 adscriptus
802 2077 847 2128 est
861 2067 964 2128 modus
979 2070 1105 2147 quinari-

50 2165 135 2208 arum
154 2161 301 2208 ncxm.
345 2150 393 2210 Ad
415 2159 503 2228 caput
523 2169 658 2211 mensura
678 2152 742 2212 iniri
761 2169 818 2210 nou
837 2153 948 2228 potuit,
969 2155 1104 2230 quoniam

52 2251 92 2292 ex
115 2232 251 2311 pluribus
268 2233 510 2311 adquisitionilrus
523 2242 659 2302 constan
683 2234 736 2294 sed
755 2233 792 2294 ad
811 2248 847 2296 VI
868 2233 905 2294 ab
921 2234 995 2294 urbe
1012 2236 1104 2295 milia·

50 2319 128 2377 rium
149 2318 288 2377 universa
306 2319 335 2377 iu
351 2320 492 2397 piscinam
507 2319 665 2396 recipitur,
688 2317 736 2377 ubl
751 2318 853 2379 modus
868 2319 930 2377 eius
943 2318 1103 2378 manifestis

50 2402 201 2461 mensuris
223 2401 315 2461 eillcit
336 2403 483 2481 quinarias
504 2415 628 2463 ruocVI:
651 2402 790 2480 amplius,
813 2419 898 2481 quam
916 2403 944 2462 iu
958 2412 1102 2461 commen·

49 2487 154 2558 tariis,
178 2486 319 2563 quinariis
339 2498 449 2546 noun.
494 2486 651 2547 Praeterea
671 2487 788 2565 accepit
806 2502 900 2565 prope
918 2485 1020 2545 urbem
1035 2493 1104 2566 post

50 2570 156 2629 lrortos
189 2569 385 2630 Pallantianos
414 2587 453 2630 ex
481 2567 602 2630 Claudia
625 2571 769 2649 quinarias
791 2561 898 2631 blaxii.
944 2569 998 2630 Est
1017 2587 1102 2630 omne

50 2653 145 2713 Iuliae
166 2654 196 2712 in
215 2655 348 2732 acceptis
368 2655 518 2732 quinariae
536 2667 750 2716 aroccnxvm.
795 2654 842 2715 lix
863 2672 900 2714 co
924 2654 974 2715 dat
995 2657 1023 2714 in
1046 2654 1101 2714 'le-

51 2737 151 2816 pulam
176 2738 324 2815 quinarias
352 2751 435 2807 oxo;
467 2749 573 2815 erogat
601 2753 655 2796 suo
680 2740 795 2796 nomine
820 2751 962 2798 nocem.
1006 2737 1101 2814 Fiunt,

52 2839 126 2900 quas
146 2830 268 2898 erogat,
297 2823 447 2901 quinariae
466 2833 683 2882 Dccccxcm:
705 2820 844 2897 amplius,
868 2838 953 2898 quam
971 2822 1000 2879 in
1023 2838 1100 2880 coru·

51 2907 203 2966 meutariis
224 2905 328 2982 habet,
351 2907 491 2986 quinariis
512 2917 676 2971 cocitum
705 2903 814 2977 minus,
837 2919 924 2979 quam
941 2903 970 2960 iu
989 2905 1101 2980 piscina

51 2988 165 3049 habere
187 2991 354 3066 posuimus,
378 3001 503 3052 ccxm:
525 3007 598 3068 quas
616 2989 698 3066 ipsas
713 2986 789 3066 apud
809 3001 879 3060 eos,
903 2986 952 3064 qui
970 2987 1033 3046 sine
1048 2986 1099 3046 be·

51 3074 165 3133 ueliciis
188 3073 332 3152 Principis
353 3074 549 3154 usurpabant,
575 3071 830 3151 deprehendimus.

138 3160 190 3219 to.
234 3157 350 3235 Virgini
370 3162 400 3219 in
422 3158 638 3219 commentariis
661 3155 826 3234 adscriptus
849 3163 895 3214 est
917 3153 1019 3213 modus
1037 3154 1099 3233 qui·

50 3242 196 3302 uariarum
217 3255 339 3303 noctur
360 3245 462 3302 minus.
506 3240 641 3301 Mensura
663 3241 699 3301 ad
722 3247 810 3318 caput
827 3239 949 3298 inveniri
969 3254 1027 3297 nou
1046 3254 1098 3317 po·

51 3327 122 3402 tuit,
151 3327 288 3404 quoniam
316 3326 511 3408 expluribus
538 3324 777 3405 adquisitionibus
808 3330 922 3383 constat
949 3330 980 3381 et
1005 3322 1100 3383 lenior

51 3412 115 3470 rivo
142 3411 240 3470 intrat.
284 3411 385 3489 Prope
411 3411 514 3471 urbem
540 3419 637 3470 tamen
664 3409 700 3468 ad
725 3407 876 3468 miliarium
902 3419 929 3467 11
957 3407 985 3466 in
1014 3424 1097 3486 agro,

52 3496 101 3572 qui
120 3511 197 3554 nuuc
217 3501 265 3554 eat
284 3492 399 3555 Ceionii
414 3492 581 3569 commodi,
602 3493 653 3552 ubi
671 3492 854 3552 velociorem
868 3507 982 3552 cursum
997 3490 1097 3565 habet,

845 3589 889 3650 8*
