2475 3909
529 230 706 283 aureuma.
1122 234 1146 284 V

88 406 155 447 rum
170 390 306 445 librorum
322 388 445 445 leotione
461 393 647 465 superiorep.
661 382 675 470 ΙΙ
690 394 717 451 6.
737 388 901 463 Seaestano)
917 392 1004 467 Vulg.
1019 392 1144 468 Syracu·

88 490 172 531 sano.
202 466 216 553 ΙΙ
243 472 344 543 carra)
364 489 417 544 pro
437 490 539 531 rursus
561 476 696 531 revocavi
717 490 755 530 ex
775 475 888 547 opdmis
908 476 1003 545 libris,
1029 485 1143 535 auotore

90 558 166 615 Oud.
180 548 195 637 ΙΙ
208 563 233 617 t.
248 557 365 627 obruta)
381 572 423 613 se.
438 572 521 629 aqua,
537 559 557 614 i.
575 574 601 615 e.
619 558 782 616 submersis.
820 559 862 614 lta
882 559 946 616 libri
959 562 1008 616 vel
1021 562 1143 633 plurimi,

88 657 150 697 non
164 643 284 699 abnatat.
301 633 357 719 [19.
374 642 529 714 adplicata)
545 642 628 711 „siah
645 641 815 698 anlehnen.“
845 643 886 700 CI.
910 643 955 702 ΠΙ.
977 648 1020 712 16,
1044 651 1071 703 5.
1093 644 1141 701 IV.

88 730 115 793 7,
132 729 175 783 44.
211 725 320 781 Eadem
341 726 386 781 vis
408 726 556 796 aliquoties
578 728 607 782 in
634 728 705 784 libro
727 725 847 798 aquaed.
884 725 1011 800 Adopas
1024 728 1044 783 i.
1060 744 1086 783 e.
1105 728 1144 785 ad

88 810 209 867 fossam.
240 811 353 865 Armati
367 809 387 863 i.
404 824 430 863 e.
446 811 538 881 prima
554 816 581 866 et
596 810 724 867 seeundo
738 810 830 866 aoiesz
850 810 931 866 tertia
945 813 1052 868 lassam
1067 814 1143 869 taee-

90 898 147 948 rat.
176 894 217 950 Ita
233 908 360 966 congrua
375 894 469 950 omnia
485 900 550 949 sunt
564 894 718 950 narrationi
733 892 863 949 Caesaris
877 897 905 950 b.
922 894 955 951 G.
969 896 990 951 1.
1006 899 1052 953 11.
1066 888 1081 977 ΙΙ
1096 904 1141 957 10.

86 978 206 1045 cinctae)
220 977 281 1032 An:
297 977 424 1049 abrupta
438 980 520 1033 saara
536 980 661 1035 cinctas?
680 978 784 1033 Variae
800 978 935 1034 lectiones
955 982 1097 1036 metas
1113 986 1142 1036 el

87 1066 195 1116 tractus
212 1062 296 1115 talem
316 1066 432 1116 movent
454 1062 626 1133 opinionem.
654 1053 668 1140 ΙΙ
697 1068 741 1120 11.
761 1060 955 1132 manaimus)
978 1064 1141 1133 emendavi,

85 1160 141 1215 pro
157 1144 298 1200 emtam.
334 1144 423 1202 Lura
439 1145 604 1213 sublimibus,
621 1145 775 1201 mettano.
811 1136 826 1223 ΙΙ
855 1150 899 1204 12.
920 1139 1038 1218 mono)
1064 1148 1139 1204 nturi

87 1226 218 1285 Crassus.
251 1227 292 1289 (Il,
308 1228 357 1282 IV.
373 1233 400 1295 5,
416 1233 443 1287 8.
472 1220 486 1308 ΙΙ
516 1233 560 1287 13.
584 1228 734 1300 producto)
760 1229 846 1300 Vulg.
862 1230 949 1301 perd.
976 1231 1017 1288 Cl.
1035 1248 1100 1303 cap.
1115 1231 1137 1287 l.

86 1318 114 1369 1.
144 1303 159 1390 ΙΙ
189 1318 234 1371 14.
253 1315 429 1382 occupatum)
456 1313 562 1368 restitui
587 1329 623 1367 ex
643 1313 757 1384 optimis
772 1312 867 1382 librIs,
882 1328 934 1384 pro
948 1314 989 1370 ad
999 1330 1138 1386 oeatpan·

86 1396 166 1451 dum.
195 1388 211 1473 ss
240 1400 282 1453 15.
297 1397 458 1467 superiora)
483 1397 558 1452 Inlra
576 1396 627 1451 lv.
649 1401 676 1463 5,
697 1401 730 1453 10
750 1396 812 1465 ipse
826 1397 977 1453 Frontinus
998 1400 1137 1468 explieat:

85 1493 165 1550 qaae
176 1480 321 1549 atpatora
343 1485 433 1535 erant.
449 1471 463 1559 ΙΙ
477 1485 521 1539 16.
537 1482 563 1535 a·
575 1480 645 1549 lae.)
660 1477 812 1532 emendavi
829 1492 865 1532 ex
881 1478 941 1534 biv.
956 1480 1071 1537 XXXV.
1087 1488 1137 1541 112

83 1564 375 1635 tatenttparattqaeoi
387 1566 600 1620 lacesserentur.
623 1564 716 1619 Antea
736 1575 772 1616 ne
791 1562 845 1616 tao.
876 1551 889 1639 ss
913 1560 986 1618 Dein
1004 1563 1138 1635 induar.)

83 1645 171 1717 Vulg.
186 1647 220 1701 aa
238 1648 338 1703 indust.
358 1646 397 1703 Cl.
411 1664 473 1719 oap.
486 1648 534 1702 IV.
551 1651 593 1705 13.
609 1638 625 1725 ΙΙ
640 1650 682 1707 17.
694 1644 823 1716 adsidam
836 1646 921 1715 rem.)
935 1646 953 1700 i.
966 1662 992 1701 e.
1007 1652 1038 1703 ut
1047 1645 1137 1703 hosti·

84 1731 138 1785 bus
154 1726 396 1802 'persuaderetur,
418 1730 524 1788 Sullam
547 1746 611 1785 eum
632 1730 692 1785 suis
713 1744 870 1784 remanere.
901 1720 915 1809 ΙΙ
942 1735 987 1790 11.
1008 1731 1136 1801 valva)

84 1812 158 1869 Oud.
183 1814 286 1870 Vexata.
311 1806 324 1892 ΙΙ
352 1820 397 1873 14.
412 1816 501 1886 ipsos)
516 1831 558 1870 so.
573 1812 682 1881 hostes,
697 1813 744 1884 qni
760 1815 789 1869 in
805 1814 877 1869 eollo
892 1820 981 1869 erant
1012 1805 1026 1893 ΙΙ
1051 1816 1136 1888 cepit)

83 1897 160 1953 Libri
178 1913 277 1952 omnes
291 1898 367 1970 facit.
397 1890 411 1978 Η
441 1896 872 1968 aa.1)oreao)Vulg.Daras.
900 1888 915 1976 ΙΙ
945 1903 990 1959 16.
1014 1897 1135 1969 Silures)

83 1980 244 2049 emendavi,
258 1998 310 2053 pro
317 1982 442 2053 Liguras.
473 1982 538 2037 Vid.
554 1981 688 2036 Zeitsobr.
702 1982 746 2035 iiir
759 1979 878 2036 Aliertb.
895 1982 921 2035 J.
935 1986 1014 2042 1889.
1029 2000 1058 2054 p.
1069 1988 1132 2045 837.

85 2056 98 2141 ΙΙ
113 2064 243 2134 dedttcto)
265 2066 428 2122 emendavit
442 2064 525 2133 Oud.,
548 2081 600 2137 pro
622 2064 740 2121 diducta.
780 2063 895 2135 „burch
916 2064 973 2121 den
987 2067 1134 2122 weitdrin·

83 2147 198 2219 genden
213 2146 310 2205 Sohall
327 2149 377 2205 des
395 2149 584 2205 anhaltenden
602 2147 781 2205 Gebnilles.“

170 2265 238 2337 Cap.
253 2267 303 2321 VI.
318 2268 344 2321 4.
359 2266 513 2335 extremas)
529 2268 660 2322 arbores:
683 2279 754 2335 quae
775 2262 849 2318 intra
867 2269 1005 2320 vocantur
1019 2264 1133 2320 ulterio-

82 2366 140 2406 res.
179 2349 298 2421 Singula
314 2352 404 2406 lueem
428 2350 569 2421 aeeIpiunt
588 2366 603 2403 e
619 2350 681 2404 Liv.
694 2346 791 2403 XXIII.
805 2351 850 2406 24.
879 2337 894 2426 Π
924 2344 988 2418 Ipsi
1002 2345 1132 2418 abiete.)

82 2432 130 2490 Sio
145 2439 232 2488 totum
248 2434 341 2489 loourn
355 2433 465 2501 retinui,
480 2434 609 2505 vestigiis
626 2431 711 2488 codd.
726 2431 849 2488 adiutus.
881 2431 954 2486 Ante
972 2431 1130 2501 legebatur:

82 2518 248 2573 delituerant
260 2518 357 2573 deinde
368 2519 407 2573 ad
418 2523 559 2574 extremas
575 2519 631 2588 ipa
644 2516 721 2585 Boii,
737 2517 916 2588 inmersaque
934 2513 1031 2571 siloam
1044 2514 1130 2588 bosa,

81 2603 108 2655 in
121 2618 171 2673 pr.
193 2602 242 2657 alt.
254 2602 430 2674 Imbulerant.
461 2602 504 2657 Eo
525 2600 605 2657 modo
622 2616 708 2672 prop.
725 2606 778 2654 eto.

168 2699 236 2771 Gap.
252 2700 315 2757 VII.
329 2704 353 2760 7.
362 2709 458 2773 potam
476 2703 614 2770 volutabat)
629 2698 705 2754 Med.
720 2703 748 2754 et
763 2699 799 2753 al.
813 2700 1017 2766 communicare
1030 2700 1130 2763 uoluis-

81 2791 128 2841 set.
164 2782 254 2840 Ceteri
271 2800 366 2843 comm.
379 2788 522 2857 potuisset.
715 2794 719 2801 '

168 2883 236 2956 Cap.
256 2884 331 2945 VIII.
359 2889 386 2943 3.
412 2885 543 2953 demam)
569 2884 655 2955 Vulg.
679 2883 787 2939 Sitiam.
819 2879 859 2939 Ci.
884 2881 1019 2939 Niebuhr.
1044 2880 1127 2936 Ram.

82 2968 187 3025 Geseh.
202 2970 247 3025 III.
258 2984 288 3038 p.
305 2972 365 3027 444.
382 2960 396 3047 ΙΙ
411 2969 560 3038 adsecuta)
580 2966 679 3022 Reate.
722 2966 783 3022 LIv.
799 2964 925 3020 XXXIII.
941 2971 973 3023 8:
996 2964 1129 3018 adsecuta

74 3058 172 3122 parte.
188 3046 202 3129 Η
216 3055 243 3111 1.
259 3052 424 3122 instruebat)
442 3054 459 3109 i.
477 3069 502 3107 e.
517 3052 636 3122 exsequi
653 3048 793 3107 studebat.
807 3038 821 3124 Η
836 3051 863 3106 9.
884 3048 923 3101 ad
932 3049 975 3114 oe)
990 3045 1065 3100 Libri
1081 3050 1129 3100 aut

79 3137 117 3192 ad
138 3136 287 3193 Gaesarem
303 3142 351 3192 aut
365 3137 524 3193 aCaaaare.
553 3136 641 3207 Vng.
657 3150 714 3188 om.
730 3132 769 3189 ad
787 3146 828 3189 ve.
859 3129 946 3185 Refer
961 3128 999 3184 ad
1011 3144 1129 3200 praeee-

79 3219 175 3276 dentia
191 3219 344 3292 Afranium
359 3220 549 3291 Petretamqaa
563 3225 659 3275 castra
672 3223 802 3285 mataras,
819 3212 898 3270 etad
912 3218 1039 3269 retentos.
1055 3204 1069 3293 ΙΙ
1085 3220 1126 3273 11.

78 3306 190 3360 milibtm
205 3304 276 3371 ten.)
306 3304 348 3360 Ita
363 3303 529 3373 emendavi,
544 3318 597 3375 pro
621 3302 658 3358 tbi
673 3309 728 3358 ten.
765 3300 833 3375 Orta
847 3298 989 3371 corruptio
1010 3315 1047 3354 ex
1061 3311 1128 3354 con·

77 3390 137 3445 elsa
155 3388 305 3459 scriptura.

163 3488 233 3562 Cap.
246 3488 294 3545 IX.
309 3495 335 3548 1.
353 3489 384 3545 0.
404 3486 532 3545 Marcius
548 3486 672 3556 Batitas)
691 3486 732 3542 Ita
753 3438 815 3542 liv.
833 3485 894 3541 VII.
915 3488 960 3542 38.
979 3496 1062 3552 quem
1077 3477 1125 3533 hie
